2708 4854
666 443 867 514 -tto-

235 627 314 696 pore
333 605 498 674 Godelridi
520 603 746 675 ambianensis
765 604 909 696 episcopi
932 626 1019 675 anno
1034 604 1166 674 Domini
1187 604 1304 690 tadeo,

235 723 296 792 snb
322 723 508 792 conditione
533 722 620 812 qaod
646 723 831 813 capellanus
852 733 885 790 et
906 720 1087 812 capellani¹
1109 720 1237 790 nullum
1250 720 1307 811 jus

235 840 420 931 parochiale
432 838 907 927 exerceredebent.designarit
917 837 1134 907 eimoeterium
1145 838 1307 927 religiosis

236 966 369 1046 propter
380 953 504 1023 ordinis
519 954 730 1022 reverentiam
748 952 878 1035 inatrio
892 952 999 1021 Sancti
1014 952 1174 1039 Richarii,
1191 964 1224 1022 et
1237 953 1306 1022 suis

236 1071 332 1158 araris
351 1070 512 1138 delanetis
530 1069 564 1136 in
584 1069 667 1137 atrio
687 1069 790 1137 beatae
808 1067 916 1137 llariae
935 1068 1083 1156 virginis.
1103 1069 1218 1159 ltaque
1235 1091 1305 1137 ma·

234 1186 325 1275 gistri
344 1187 442 1254 semel
460 1185 493 1253 in
509 1185 575 1253 rita
595 1184 689 1254 nobis
709 1195 861 1254 tenentur
878 1196 1033 1276 praestare
1049 1185 1195 1255 solemne
1209 1184 1305 1276 jura-

235 1313 379 1371 mentum
396 1324 495 1393 super
508 1300 614 1391 majus
634 1303 747 1387 altare,
770 1301 931 1391 tangendo
946 1322 1038 1371 sacra
1062 1301 1244 1395 evangelia,
1264 1303 1305 1372 de

233 1419 433 1489 observando
444 1420 499 1507 jas
513 1429 659 1487 nostrum
670 1429 873 1508 patronatus.
887 1418 928 1487 Et
940 1416 986 1486 sic
995 1417 1193 1508 juraverunt
1202 1419 1307 1496 irater

231 1528 371 1606 loannes
392 1536 565 1605 Cambier2
581 1535 637 1624 qui
654 1535 736 1604 rexit
750 1535 884 1604 domum
902 1533 946 1604 28
963 1535 1071 1620 annis,
1092 1537 1195 1604 imter
1211 1536 1306 1606 Nico

233 1655 303 1722 laus
318 1654 415 1721 Darid
432 1652 488 1742 qni
503 1652 584 1720 rexit
595 1650 638 1719 at
656 1651 762 1735 annis,
779 1652 879 1721 irater
893 1650 1044 1720 Nicolaus
1060 1652 1100 1720 de
1112 1652 1232 1741 noroy
1247 1653 1304 1744 qui

234 1770 312 1837 rexit
330 1769 494 1853 loannis,
510 1769 610 1835 irater
623 1767 763 1835 loannes
779 1767 820 1836 de
836 1767 971 1836 Soretera
984 1766 1041 1858 qui
1059 1767 1144 1837 rexit
1158 1767 1202 1837 tl
1215 1791 1305 1838 men·

233 1887 334 1970 sibae,
360 1887 461 1953 irater
481 1885 575 1972 Ilugo
593 1884 633 1952 de
653 1886 845 1973 llersaeqaea
872 1884 930 1973 qui
950 1883 1032 1953 rexit
1051 1906 1169 1953 norem
1192 1886 1301 1971 annis,

232 2015 263 2070 et
285 2002 385 2069 irater
406 2000 587 2068 Ludoriens
608 2000 648 2068 do
678 2000 814 2089 Vtriques
837 2021 924 2069 nane
956 2021 1086 2088 regens,
1112 2001 1208 2086 item,
1228 2002 1306 2071 feeit

232 2117 478 2186 associationem
492 2127 523 2184 et
538 2116 774 2185 fraternitatem
794 2116 951 2185 internos
965 2127 998 2185 et
1012 2116 1193 2208 capitulum
1214 2118 1304 2187 Atre-

231 2237 386 2317 batense;
413 2245 444 2303 ot
467 2234 561 2303 tertio
588 2256 690 2302 nonas
709 2233 784 2322 julii
803 2244 954 2302 tenentur
981 2233 1147 2303 celebrare
1174 2234 1300 2303 obitum

231 2353 406 2420 solemnem
430 2372 489 2441 pro
512 2349 631 2419 nostris
652 2349 813 2419 defunctis
834 2361 865 2418 et
888 2349 1033 2440 recipere
1053 2349 1305 2421 distributiones

232 2450 745 2557 tos.eroa1·0paupertbus5s.;
761 2466 910 2536 similiter
921 2488 992 2545 nos,
1002 2467 1117 2543 eadem
1130 2468 1196 2554 die,
1207 2468 1301 2538 debe

233 2584 478 2652 mascelebrare
491 2584 683 2674 obitnmpro
693 2584 760 2652 suis
770 2582 1145 2653 canonicisdeluneliset
1155 2584 1299 2674 recipere

232 2700 406 2790 pitanciam
420 2700 463 2769 ⁹20
478 2723 504 2768 s.
520 2711 563 2784 et,
578 2700 685 2768 eundo
700 2711 731 2767 et
748 2700 926 2784 redeundo,
937 2720 996 2768 nos
1009 2699 1168 2769 debemus
1179 2700 1299 2769 habere

232 2827 360 2905 pastam
380 2826 412 2883 et
430 2815 674 2883 distributiones
699 2815 731 2883 in
754 2817 865 2900 eboro,
891 2825 923 2884 et
942 2814 1006 2906 ipsi
1022 2815 1121 2884 etiam
1142 2816 1299 2886 debente

231 2933 323 3000 nobis
344 2933 487 3022 recipere
508 2932 689 3022 portionem
706 2933 940 3001 monachalem.
964 2932 1123 3023 Tempore
1143 2933 1223 3002 dieti
1244 2932 1298 3001 lli·

233 3050 347 3133 ellarii,
358 3049 512 3137 regnabat
526 3048 632 3117 dietas
646 3049 814 3139 Philippus
826 3050 992 3137 Angustus
1010 3070 1077 3118 rex.
1092 3049 1132 3119 Et
1143 3050 1300 3141 praelatus

232 3168 402 3236 Richarias
419 3167 573 3256 antiquus
591 3178 622 3235 et
638 3188 733 3235 senex
752 3166 924 3254 resignarit
941 3188 1038 3234 suum
1054 3167 1201 3256 regimen
1225 3163 1299 3258 pas·

231 3285 343 3351 torale.
361 3283 448 3351 ldem
466 3282 571 3350 dietas
584 3282 737 3351 dominus
752 3282 924 3351 lliebarius
939 3292 1009 3350 erat
1028 3303 1178 3351 summus
1193 3303 1299 3371 gram·

229 3399 378 3482 matieos,
394 3399 503 3467 seius3
520 3398 552 3465 in
570 3398 664 3467 scolis
681 3397 827 3485 magistri
842 3396 1013 3466 Alexandri
1030 3397 1070 3466 de
1082 3398 1221 3482 Boiotro,
1239 3398 1297 3490 qui

230 3537 316 3584 nane
334 3515 454 3584 dieitur
469 3515 508 3583 de
524 3515 604 3582 Villa
625 3514 682 3582 Dei
700 3514 733 3583 in
750 3513 900 3584 Neostria
917 3512 1009 3602 juxta
1026 3513 1166 3584 llontem
1188 3513 1297 3585 Sancti

257 3749 293 3811 (lt
307 3749 345 3799 Lo
361 3747 436 3813 copie
450 3747 484 3798 do
495 3747 561 3798 Dom
573 3747 685 3797 Grenier
700 3745 789 3798 donne
804 3746 850 3798 ool
864 3743 1195 3812 capelloai51'extmitde
1209 3744 1245 3797 tt.
1261 3745 1296 3798 de

227 3838 338 3903 Bommy
353 3837 437 3889 aussi.

258 3929 292 3992 (i)
306 3928 348 3981 Ou
363 3925 497 3980 Calabris.

259 4019 293 4081 (3)
307 4015 401 4069 Socios
414 4018 483 4069 dans
497 4017 523 4069 la
537 4017 613 4084 copie
628 4017 661 4069 de
676 4016 742 4068 Dom
758 4015 878 4068 Grenier.
