2708 4854
694 396 872 465 ..qq-

356 559 462 616 Plenus
474 559 642 631 apostolicis
657 559 816 615 virtutibus
831 563 918 630 atque
930 558 1056 632 loqueiis

427 657 564 712 Caelestes
582 643 676 712 tenuit
691 673 804 728 semper
819 657 849 711 in
863 672 913 712 ore
929 656 1027 730 dapes.

356 758 428 812 Huic
442 756 582 813 Charoius
593 757 728 828 princeps
741 755 922 827 condignum
938 760 1037 810 mente
1052 755 1181 827 benigna

426 855 582 911 Perficiens
598 854 739 926 templum
754 853 886 909 condidit
899 858 927 909 et
947 854 1106 923 tumulum,

357 956 424 1009 Post
440 969 598 1023 sexagenus
613 958 641 1008 et
655 957 774 1008 centum
790 953 907 1009 circiter
921 968 1027 1022 annm,

427 1054 499 1105 Cum
515 1051 632 1106 Domini
648 1051 738 1105 servis
753 1051 866 1121 integer
879 1054 954 1104 extat
968 1050 1082 1118 adhuc;

357 1151 450 1223 Ipsius
466 1153 497 1204 ut
512 1150 625 1204 meritis
638 1149 731 1222 capiat
743 1147 873 1203 coelestia
887 1164 987 1218 regna,

428 1249 583 1318 Regnaque
599 1249 776 1302 Francorum
789 1261 859 1317 pace
874 1245 992 1316 quietus
1007 1251 1072 1319 agat
1088 1245 1110 1299 l.

197 1550 200 1556 ·
296 1507 341 1574 De
358 1507 563 1577 distinetione
576 1519 607 1576 et
623 1508 824 1596 reparatione
840 1507 1040 1591 monasterii,
1054 1507 1096 1574 de
1109 1506 1309 1575 translatione

252 1623 397 1713 eorporis
415 1623 608 1693 sanctissimi
628 1623 770 1690 Richarii
792 1624 878 1713 apud
902 1622 1151 1691 Monasterolum
1170 1634 1201 1690 et
1223 1622 1311 1691 Sanc-

253 1738 579 1822 tum-Audomarum,
613 1749 644 1805 et
674 1738 713 1806 de
748 1738 901 1806 relatione
928 1737 1074 1827 ejusdem
1106 1739 1250 1828 corporis
1279 1738 1309 1805 in

251 1853 419 1922 Centulam
440 1877 499 1944 per
520 1855 724 1942 Fuigerieum
742 1855 890 1923 abbatem
907 1841 1159 1944 et'postmodum
1177 1876 1236 1946 per
1251 1854 1312 1922 Hu-

251 1989 368 2056 gonem
383 1968 504 2059 Cappet
520 1969 654 2037 interius
671 1969 789 2037 clarius
804 1969 926 2059 patebit
939 1970 962 2037 2.

283 2244 317 2307 (l)
335 2241 487 2307 L'epitaphe
502 2242 534 2292 de
554 2240 624 2292 saint
642 2241 754 2306 Iiiquier
772 2241 837 2292 etait
858 2241 983 2307 partagee
1003 2256 1036 2294 en
1057 2242 1119 2307 einp
1135 2230 1312 2308 inscriptions,
1334 2280 1341 2295 .

253 2359 283 2369 -
300 2337 395 2397 quatre
413 2330 554 2395 quatruins
574 2334 600 2381 et
619 2344 656 2380 un
677 2330 804 2395 nisuque,
825 2359 855 2366 -
874 2331 904 2382 r‘u
924 2331 1018 2396 fronte
1036 2331 1163 2398 sepulcri,
1183 2331 1214 2382 in
1234 2330 1313 2383 tatere

252 2423 357 2484 dentre,
368 2423 379 2473 r‘
383 2437 400 2474 rr
413 2422 530 2472 culturae
542 2435 612 2474 arra
623 2420 747 2486 desuper,
759 2422 788 2472 r'rt
798 2421 881 2472 tulere
891 2422 1012 2479 sinistro,
1022 2423 1059 2474 ad
1067 2422 1156 2488 pedes.
1170 2421 1313 2486 D'Achery,

252 2511 390 2577 Spiritepa
406 2516 423 2560 t.
440 2511 475 2572 11,
491 2526 516 2574 p.
532 2510 587 2568 307,
603 2524 672 2560 nous
687 2511 790 2560 sournit
804 2510 937 2576 quelques
953 2511 1100 2563 variantes.

285 2601 357 2651 Dans
373 2602 397 2650 le
411 2601 527 2666 premier
540 2600 684 2665 quatrain:
1071 2586 1078 2602 ⁸

388 2749 574 2762 .........
592 2715 689 2771 contigit
704 2729 762 2758 urna

386 2878 519 2927 Stemmata,
535 2884 579 2920 etc.

285 2993 358 3044 Dans
372 2992 397 3044 le
412 2994 513 3044 second
527 3014 533 3043 :

386 3112 427 3153 Vir
439 3113 489 3167 pius
500 3117 524 3154 et
533 3123 632 3166 magnus
644 3124 736 3166 semper
747 3112 770 3152 in
781 3111 836 3152 orbe
847 3110 911 3156 cluit.

284 3229 320 3279 Ge
334 3228 381 3294 qui
396 3233 437 3279 est
451 3228 632 3278 evidemment
646 3227 673 3277 ln
689 3227 761 3279 vraie
778 3227 863 3291 leqon.

284 3319 358 3370 Dans
372 3319 396 3369 le
410 3319 564 3370 troisieme:

387 3436 430 3477 Hic
442 3434 514 3478 vitam
524 3435 619 3478 functis.
637 3469 640 3478 .
660 3470 664 3479 .
683 3467 687 3477 .
706 3466 709 3473 ·
727 3455 755 3480 .·.

285 3549 358 3600 Dans
372 3549 397 3600 le
412 3549 578 3614 quatrierne:

387 3662 445 3709 Huic
458 3667 566 3719 linimus,
578 3673 623 3711 etc.

283 3786 318 3850 (i)
334 3784 384 3836 Ces
398 3785 461 3850 cinq
475 3785 563 3850 lignes
577 3788 726 3849 menquent
739 3785 806 3835 dans
820 3785 846 3836 la
862 3785 938 3850 copie
954 3786 987 3836 de
1001 3784 1110 3838 Baluze.
