2708 4854
495 401 696 472 -163-

61 562 228 651 religiosos
255 561 363 630 vestiri
394 562 588 652 postularit;
615 550 654 631 de
679 584 820 653 quorum
847 585 983 635 numero
1011 567 1124 638 Petrus

60 677 242 770 Presbyteri
269 689 337 746 erat
363 699 459 746 unus.
491 678 668 747 Dominicis
693 690 801 748 autem
827 691 858 748 et
880 681 1000 751 festivis
1031 684 1128 753 totius

59 797 135 866 anni
163 796 292 880 diebus,
321 796 427 864 dictus
451 798 603 864 Bourdoo
631 796 762 864 missam
788 808 905 866 nostrae
925 799 1070 869 Dominae
1094 802 1128 869 in

59 914 207 1004 ejusdem
229 913 351 1002 capella
370 924 401 981 et
418 913 452 980 in
470 913 617 981 discantu
638 935 712 980 oum
732 913 803 981 altis
820 914 951 984 vocibus
971 926 1081 985 tenore
1096 928 1128 986 et

60 1043 173 1099 eontra
187 1040 297 1097 tenore
311 1030 499 1097 solemniter
516 1030 678 1098 celebrare
694 1031 901 1119 procurabat.
919 1033 998 1100 Nam
1012 1033 1126 1101 inella-

60 1148 117 1216 bili
130 1159 162 1215 et
176 1147 303 1215 infinita
315 1147 483 1215 devotione
499 1167 575 1234 erga
586 1147 750 1234 Virginem
764 1147 895 1215 llariam
911 1149 1125 1235 alliciebatur,

61 1264 117 1354 qui
135 1263 265 1331 assidue
285 1274 316 1330 et
339 1263 493 1331 continuo
513 1262 607 1330 diotae
631 1263 750 1345 missae,
768 1263 848 1331 hora
872 1265 1020 1354 septima,
1044 1267 1128 1334 cele·

61 1380 208 1463 brandeo,
232 1379 265 1446 ni
288 1401 385 1446 causa
402 1378 545 1466 legitime
568 1379 673 1468 ipsum
698 1379 880 1469 impediret,
904 1381 1125 1467 conveniebat,

62 1508 93 1564 et
113 1496 251 1586 ipsemet
269 1516 344 1562 roee
364 1495 484 1562 tenoris
503 1516 576 1563 cum
598 1495 722 1563 caeteris
742 1495 954 1581 discantabat,
974 1497 1128 1586 quoniam

62 1609 190 1680 cacteris
207 1609 394 1676 cantoribus
406 1608 540 1677 musicis
555 1630 629 1677 voce
642 1620 673 1678 et
685 1621 753 1678 arte
766 1611 971 1700 praestantior
986 1612 1130 1699 fulgebat

62 1740 93 1795 et
123 1727 300 1808 rutilabat;
334 1725 506 1816 dictusque
536 1726 688 1793 Bourdon
714 1726 852 1815 primam
879 1726 956 1793 dieti
983 1727 1130 1814 llugonis

62 1843 189 1912 abbatis
203 1842 334 1911 missam
347 1842 461 1910 didicit
474 1854 504 1911 et
521 1843 670 1911 erudivit.
686 1843 746 1923 Qui
761 1843 1014 1933 praenominatus
1030 1844 1129 1912 abbas

63 1961 153 2050 prior
164 1959 204 2026 de
220 1957 385 2026 llinarcis¹
402 1958 526 2026 ordinis
543 1958 649 2026 Sancti
661 1960 837 2044 Benedicti,
852 1959 1007 2049 priorque
1023 1959 1131 2028 Sancti

62 2076 184 2144 luliani
212 2075 401 2143 Parisiensis
426 2087 457 2142 et
484 2075 673 2165 Rayocensis
702 2076 735 2142 in
760 2076 934 2143 Normania
962 2087 992 2144 et
1023 2075 1132 2144 Sancti

63 2192 190 2281 Vigoris
205 2193 363 2276 extiterat,
378 2214 415 2259 ac
430 2191 504 2259 inde
522 2192 621 2260 abbas
637 2192 735 2281 hujus
751 2192 845 2261 dtcrae
862 2194 1017 2278 eeclesiae,
1033 2215 1131 2284 quem

64 2311 187 2378 dictum
205 2310 356 2376 Bourdoo
374 2308 595 2399 praepositum,
607 2308 684 2376 dicti
700 2308 863 2398 prioratus
879 2308 986 2378 Sancti
1008 2310 1131 2398 Vigoris

64 2425 253 2493 existentem
271 2424 471 2512 religiosum,
493 2424 526 2490 in
547 2424 607 2492 boc
627 2423 796 2514 p'raelatum
821 2424 1052 2493 monasterium
1074 2425 1131 2493 ad-

65 2542 166 2609 duxit.
184 2540 360 2609 pradictus
375 2562 449 2610 roro
464 2540 616 2608 Bourdoo
630 2540 785 2608 domnum
802 2542 932 2609 Petrum
951 2540 1131 2631 Presbyteri

67 2670 154 2726 tanto
178 2657 440 2747 prosequebatur
461 2679 571 2725 amore
595 2668 627 2725 et
649 2656 820 2725 dilectione
839 2657 926 2746 quod
945 2679 1042 2725 suum
1059 2657 1132 2725 ollr·

65 2775 165 2858 cium,
186 2784 258 2863 post
277 2773 400 2840 obitum
423 2772 483 2841 sibi
500 2773 636 2856 dictum,
654 2772 801 2840 accidere
818 2772 929 2861 (prout
944 2773 1061 2857 evenit)
1080 2773 1134 2841 de-

65 2891 240 2960 siderabat.
257 2891 331 2959 Post
347 2889 418 2979 ejus
436 2911 560 2974 necem,
576 2890 729 2979 praelatus
748 2889 847 2956 abbas
864 2889 958 2976 llugo
978 2910 1130 2977 magnam

66 3007 213 3098 pecuniae
228 3007 433 3096 aliorumque
452 3005 620 3074 mobilium
637 3006 798 3075 bonorum
813 3005 952 3095 copiam,
967 3028 1041 3074 eum
1058 3007 1132 3096 plu·

67 3125 157 3192 ribus
170 3122 287 3191 debitis
305 3122 367 3190 sibi
386 3144 405 3189 a
420 3122 569 3212 pluribus
587 3122 758 3206 solvendis,
777 3121 910 3201 invenit.

581 3407 617 3465 lll

68 3589 169 3649 linbbe'
181 3592 297 3663 llugues
307 3590 441 3647 Cuillrrol
453 3596 591 3660 commet,
603 3607 677 3664 pour
688 3595 791 3663 quatre
801 3608 865 3662 ans,
876 3587 1133 3650 l'adnrlnistratiou

104 3690 273 3763 temporello
288 3695 317 3745 et
334 3689 493 3762 spirltuolle
506 3690 541 3745 de
556 3688 710 3762 l'abbayed
724 3691 818 3746 Pierre
829 3690 854 3745 le
868 3693 974 3760 Preme,
991 3708 1060 3747 sous
1075 3707 1134 3748 cer-

104 3788 198 3844 tnines
226 3786 403 3842 conditions.
430 3818 464 3826 -
486 3784 587 3842 li'obbe'
611 3787 737 3856 llugues,
759 3785 836 3858 plein
861 3786 896 3842 de
921 3787 1071 3843 coullance
1098 3804 1134 3843 en

97 3980 132 4041 (lt
148 3977 187 4028 lte
203 3975 312 4027 blimars
327 3977 395 4028 dans
410 3975 436 4026 lo
450 3975 526 4041 cepio
539 3976 572 4027 de
587 3975 654 4026 ltom
669 3974 792 4026 Grenier.
872 3972 875 3977 '
