2708 4854
664 430 708 490 ῥ-
732 390 798 460 Ἰθίι
821 430 866 441 -

233 551 322 634 clrii3
345 553 429 619 lacta
446 562 494 620 cst
513 573 602 621 sana.
627 553 764 633 Quidam
785 552 921 622 servitor
941 551 1039 643 liujus
1059 553 1202 622 coenobii
1224 553 1306 623 irre-

234 680 381 737 verenter
407 670 543 738 accessit
571 681 646 739 anto
674 692 811 761 corpora
834 683 945 740 saneta
967 682 1000 740 et
1025 671 1127 740 verba
1146 671 1307 741 derisoria

233 786 394 875 protulit;
425 785 610 854 immediate
634 797 665 854 ot
691 786 799 855 subito
825 809 860 855 se
889 787 1010 877 reperit
1034 787 1068 854 in
1095 787 1203 856 alieno
1220 789 1304 857 loeo.

233 902 370 982 Quidam
385 902 480 985 alius,
492 923 556 970 non
570 903 603 969 in
618 914 701 970 statu
715 903 840 990 gratiae,
858 903 994 972 accessit
1007 915 1122 972 eontra
1136 904 1307 973 columnas

234 1019 429 1087 sustinentes
443 1041 582 1108 corpora
597 1030 726 1103 sancta;
746 1019 932 1089 immediate
948 1021 1140 1110 deportatus
1154 1034 1205 1091 est
1218 1034 1308 1091 extra

233 1132 415 1217 ecclesiam,
432 1133 579 1201 nesciens
595 1156 654 1224 per
673 1155 769 1223 quom
790 1144 846 1202 aut
864 1134 1041 1223 quomodo.
1058 1134 1215 1215 Quadam
1234 1159 1306 1204 mu·

232 1249 292 1317 lior
311 1248 351 1316 de
372 1249 498 1316 civitate
518 1249 716 1333 Bclvaeenci,
739 1260 903 1317 eontracta
924 1251 1063 1340 pedibus
1087 1262 1121 1320 et
1140 1252 1305 1337 manibus,

233 1367 354 1456 recepit
374 1366 555 1435 sanitatem.
576 1367 645 1434 Una
658 1367 721 1434 alia
737 1367 777 1435 de
795 1367 869 1435 villa
883 1367 1180 1452 Domni-Medardi,
1193 1369 1308 1458 gallice

231 1484 413 1567 lloumrort,
436 1483 560 1572 privata
588 1506 606 1551 a
630 1483 713 1568 visu,
736 1484 860 1573 reecpit
885 1483 1068 1552 sanitatem.
1101 1485 1244 1566 Quidam
1267 1486 1308 1556 de

233 1599 515 1684 Noviouomceeus,
531 1600 652 1689 recepit
662 1600 778 1668 visum.
793 1601 932 1680 Quidam
942 1600 1072 1690 juvenis
1086 1602 1128 1672 de
1141 1603 1308 1694 lloyaevat

234 1737 369 1783 caecusa
385 1715 569 1799 nativitate;
589 1715 709 1804 recepit
726 1715 829 1783 visum
840 1717 863 1784 ¹.
884 1716 1030 1796 Quattuor
1046 1716 1157 1786 cleriei
1170 1716 1308 1807 juvenes

235 1832 274 1899 de
302 1831 477 1899 Normania
506 1831 765 1920 peregrinantes,
792 1853 878 1900 arnus
904 1831 1032 1900 illorum
1054 1831 1245 1922 inquirebat
1267 1834 1308 1902 de

236 1947 402 2016 miraculis
424 1947 609 2037 superiter2
632 1958 664 2014 et
682 1968 746 2014 non
764 1948 927 2031 credebat,
946 1949 1000 2016 sed
1020 1948 1234 2034 subridebat;
1252 1972 1308 2018 su·

235 2064 302 2132 bito
320 2085 488 2154 possessus
501 2073 579 2131 esta
595 2063 754 2131 daemone.
769 2063 831 2130 Alii
847 2075 911 2132 tres
929 2064 1042 2133 devote
1056 2064 1086 2131 vi
1106 2075 1138 2133 et
1153 2065 1309 2135 violentia

236 2180 326 2248 illurn
343 2179 560 2263 adduxerunt,
584 2192 615 2247 et
629 2180 786 2248 liberatus
807 2191 867 2264 est,
885 2190 917 2248 et
933 2180 1108 2250 declaravit
1128 2181 1191 2250 hoe
1206 2181 1310 2252 luisse

235 2297 404 2387 punitione
421 2296 540 2363 divina.
557 2296 646 2364 Unus
661 2307 867 2386 carpentator
882 2296 1092 2381 detineam,
1106 2307 1195 2366 stans
1207 2319 1311 2388 super

236 2414 424 2482 altissimam
446 2414 594 2481 arborem
614 2435 688 2480 cum
705 2434 763 2480 sua
779 2412 898 2497 securi,
918 2412 1064 2480 cadendo
1079 2412 1237 2481 deorsum
1258 2436 1310 2483 re·

238 2529 387 2597 clamavit
411 2539 558 2596 sanctum
586 2528 774 2596 Riclrarium
795 2539 826 2596 et
847 2537 995 2596 sanetum
1014 2527 1258 2614 Augilhertum,
1280 2540 1312 2599 et

238 2646 325 2714 venit
349 2666 448 2735 saper
470 2657 589 2712 terram
610 2620 745 2713 illaesus.
767 2644 921 2724 uuonan
940 2644 1049 2733 puella
1068 2643 1109 2712 de
1130 2644 1313 2714 Normania

238 2764 278 2831 de
305 2763 376 2830 villa
403 2763 598 2850 Loupuocul,
617 2784 701 2830 caeca
728 2784 747 2829 a
773 2761 951 2844 nativitate,
976 2761 1100 2851 recepit
1121 2762 1311 2833 sanitatem.

238 2881 376 2962 Quidam
393 2892 503 2948 mutus
522 2880 562 2948 de
579 2879 717 2947 Turonis
738 2878 859 2967 recepit
877 2878 1048 2946 sanitatem
1064 2900 1072 2963 ;
1100 2879 1313 2950 accendendo

240 3021 339 3067 arnam
353 2997 529 3066 candellam
541 2997 638 3086 ompit
647 2997 747 3086 loqui.
756 2995 894 3076 Quidam
905 2995 1093 3064 nominatus
1102 2996 1311 3084 dominicus

239 3114 279 3181 de
299 3113 372 3179 villa
389 3111 495 3180 Saueti
512 3111 654 3180 Severini
677 3131 749 3200 qum
769 3132 857 3179 nune
875 3110 997 3179 dicitur
1012 3111 1313 3199 Auoyfles-Moiuev

236 3229 329 3317 juxta
345 3228 530 3311 llisdinum,
545 3227 717 3317 impotens,
732 3226 853 3316 recepit
865 3227 1047 3295 sanitatem.
1061 3227 1141 3295 lluae
1154 3226 1313 3297 mulieres

240 3346 285 3411 du
301 3346 396 3412 Metuo
418 3343 586 3412 veniebant
612 3344 644 3411 in
667 3345 754 3413 hune
777 3345 908 3428 loeum3
932 3344 1066 3412 luerunt
1086 3343 1259 3432 expoliatae
1279 3354 1314 3413 et

240 3463 430 3554 compeditur
444 3475 476 3531 et
488 3463 643 3552 compede
656 3463 806 3531 manibus
821 3484 858 3530 ae
869 3461 1006 3551 pedibus
1019 3461 1126 3548 ligatae
1135 3484 1144 3546 ;
1161 3462 1203 3531 de
1216 3474 1312 3533 noete

271 3689 304 3752 (tt
321 3688 355 3738 Le
370 3686 480 3737 miraele
495 3686 532 3737 du
548 3687 632 3750 jeune
651 3685 759 3736 homme
777 3685 811 3736 de
825 3685 900 3750 Repe
914 3683 984 3735 n'est
998 3683 1130 3750 pus-dans
1144 3682 1171 3736 la
1183 3684 1262 3751 eopia
1276 3685 1310 3736 de

240 3777 348 3828 Boluze.
364 3776 414 3827 l'ui
425 3775 566 3827 maintenu
582 3775 616 3825 ici
632 3775 656 3825 le
671 3778 742 3826 texte
756 3774 789 3825 de
804 3774 872 3824 Dom
888 3773 1009 3824 Grenier.

272 3868 307 3930 (t)
321 3865 365 3919 Sr'e
382 3879 451 3932 pour
462 3865 614 3931 sarpere-iter
628 3879 692 3916 sans
706 3865 798 3923 doute,
808 3878 853 3926 ou,
865 3877 898 3914 en
914 3865 1009 3915 tenant
1017 3867 1124 3929 compte
1137 3863 1175 3914 du
1190 3861 1259 3915 latin
1274 3862 1307 3914 de

242 3971 272 4008 ee
288 3962 383 4022 tempe,
398 3969 479 4022 reaper
491 3956 553 4020 iter,
569 3968 615 4005 sur
629 3954 656 4005 le
670 3959 756 4005 route.
