2708 4854
486 473 593 541 -m
620 514 665 523 -

565 673 588 726 ll

44 823 170 876 Traranr
193 823 351 895 accomplis
371 839 423 895 par
449 824 525 878 saint
549 823 709 893 Angilbert.
735 853 768 861 -
793 821 954 894 L'epitapbe
974 821 1009 877 de
1032 822 1108 876 saint

80 913 206 983 Riquier.
222 945 256 950 -
273 912 294 967 ll
309 912 451 968 decourre
469 929 509 966 un
526 916 597 984 pave
612 912 647 967 de
664 913 808 984 porpbyre
825 911 1021 966 merveilleur.
1037 943 1072 951 -
1087 911 1109 966 ll

80 1001 224 1055 construit
234 1000 285 1055 des
296 1006 429 1056 tours—
439 990 527 1056 Ediiie
539 1002 610 1055 trois
620 1002 726 1072 eglises
739 1019 745 1055 2
762 1000 832 1055 celle
843 1000 878 1055 de
890 1000 966 1055 saint
978 1001 1106 1072 Riquier,

79 1089 148 1144 celle
162 1089 198 1144 de
214 1090 409 1145 sainte-llario
424 1095 452 1144 et
468 1090 540 1145 celle
553 1089 588 1144 de
604 1091 810 1145 Salat-Beneit.
824 1121 856 1128 -
870 1092 965 1144 Douze
982 1093 1107 1161 eleques

78 1178 119 1234 les
130 1183 315 1235 consecrent,

88 1331 137 1417 Et,
158 1346 194 1401 ut
212 1345 323 1401 narrat
340 1335 482 1418 cronica,
501 1335 535 1401 in
552 1335 659 1424 primo
675 1334 822 1403 eoenobio
844 1334 979 1402 tundata
998 1333 1031 1400 in
1048 1355 1107 1401 no-

51 1449 129 1518 mine
149 1450 274 1519 domini
296 1450 468 1519 Salvatoris
489 1452 591 1520 nostri
617 1462 649 1520 et
669 1451 755 1519 beati
782 1451 937 1535 richarii,
961 1451 1107 1519 fundavit

53 1565 138 1633 etiam
153 1567 234 1634 duas
252 1577 356 1635 turres
371 1589 389 1634 a
406 1578 497 1657 parte
515 1567 704 1651 occidentis,
727 1580 758 1635 et
777 1588 875 1634 unam
893 1588 1055 1634 summam
1075 1578 1107 1635 et

55 1682 172 1750 alteram
191 1683 396 1752 excellentem
417 1706 454 1751 ex
475 1694 566 1773 parte
586 1684 732 1763 orientis
751 1684 811 1751 sub
828 1705 893 1772 qua
912 1694 980 1750 erat
997 1683 1106 1773 sepul-

59 1818 134 1866 erum
155 1799 333 1867 beatissimi
360 1800 515 1884 nichacii,
546 1810 577 1867 et
603 1800 636 1866 in
665 1800 817 1867 distantia
845 1801 975 1867 illarum
1002 1801 1108 1867 stabat

62 1915 173 1983 ecelesia
186 1937 261 1983 cum
273 1916 384 2000 choro,
400 1926 431 1984 et
445 1917 557 1983 subter
569 1917 685 1984 turrim
699 1917 887 1984 orientalem
902 1916 988 1983 eirea
1004 1916 1106 2005 pedes

63 2025 128 2097 beati
142 2031 282 2099 Richarii
296 2042 363 2099 erat
378 2032 478 2100 altare
494 2033 626 2100 nomine
639 2053 698 2100 suo
715 2045 952 2117 consecratum,
970 2045 1001 2101 et
1019 2033 1105 2101 circa

66 2155 140 2232 eaput
156 2146 255 2215 altare
275 2147 358 2215 beati
383 2148 486 2232 Pauli,
511 2160 541 2215 et
566 2149 655 2216 cirea
673 2159 780 2216 turres
801 2149 1016 2218 occidentales
1037 2160 1108 2218 erat

68 2256 221 2331 dedicatum
242 2265 342 2332 altare
366 2265 466 2333 sancti
487 2265 671 2351 Submotis,
693 2266 834 2355 lecitque
855 2266 997 2334 seribere
1017 2266 1105 2334 circa

69 2378 223 2462 sepulcrum
243 2381 345 2448 sancti
366 2381 508 2448 Richarii
530 2404 640 2450 versus
662 2393 858 2471 sequentes:

149 2575 336 2648 Omnipotens
352 2578 495 2631 Dominus
511 2581 562 2650 qui
575 2579 651 2634 celsa
663 2580 708 2634 rel
721 2581 780 2635 ima
795 2580 941 2651 gubernas
958 2581 977 2648 l,

213 2672 358 2745 blajestate
372 2681 477 2747 potens
492 2693 605 2749 semper
620 2678 728 2748 ubique
747 2680 833 2746 DeuS,

149 2774 263 2847 Respice
279 2774 313 2830 do
330 2777 403 2831 solio
420 2783 589 2833 sanctorum
606 2777 697 2848 gloria
714 2795 842 2845 summo,

214 2873 421 2944 Auxiliumque
437 2876 506 2945 tuis,
523 2892 571 2930 rex
584 2876 670 2944 bono,
687 2876 722 2930 da
739 2874 866 2930 famulis.

150 2968 327 3042 Principibus
341 2986 452 3042 pacem,
470 2971 609 3044 subjectis
625 2972 697 3027 adde
711 2972 853 3039 salutem;

214 3069 310 3123 llostis
322 3069 394 3141 polle
412 3070 506 3124 urinas
522 3076 550 3126 et
563 3070 622 3126 iera
636 3071 711 3126 bella
725 3087 834 3143 preme.

149 3164 193 3222 llic
207 3184 323 3239 quoque
336 3175 506 3225 constanter
521 3169 664 3241 fulgentia
678 3170 809 3226 cubnina
824 3169 924 3242 templi
939 3169 961 3238 ²,

212 3265 398 3336 ¹ingilbertus
411 3283 475 3338 ego,
492 3268 551 3322 siut
565 3267 618 3322 tibi
633 3272 714 3337 grata
729 3269 796 3321 Deo.

92 3399 117 3459 ut
128 3403 239 3476 imprime
253 3412 322 3464 dans
336 3413 478 3478 dachery,
491 3411 631 3481 Spretuqe,
646 3415 675 3464 r.
694 3414 727 3475 u,
745 3430 770 3480 p.
786 3400 844 3466 3031

93 3486 118 3548 (t)
132 3493 250 3553 tersione
264 3503 300 3552 du
315 3501 460 3568 Spiciltpe:
496 3550 498 3553 .

170 3592 223 3634 llaec
235 3604 324 3648 quoque
337 3605 387 3648 quae
399 3593 470 3636 statui
481 3591 595 3648 fulgentia
605 3595 707 3638 culmina
718 3596 796 3651 templi

94 4012 188 4081 lleriulle
202 4032 240 4082 uit
254 4046 308 4097 quo
321 4047 366 4084 ees
381 4048 441 4086 vers
455 4043 517 4085 sont
531 4035 665 4087 d'Alcuin.
