<?xml version="1.0" encoding="UTF-8"?>
<!DOCTYPE html PUBLIC "-//W3C//DTD XHTML 1.0 Transitional//EN"
    "http://www.w3.org/TR/xhtml1/DTD/xhtml1-transitional.dtd">
<html xmlns="http://www.w3.org/1999/xhtml" xml:lang="en" lang="en">
 <head>
  <title>
</title>
<meta http-equiv="Content-Type" content="text/html;charset=utf-8" />
  <meta name='ocr-system' content='tesseract 3.04.00' />
  <meta name='ocr-capabilities' content='ocr_page ocr_carea ocr_par ocr_line ocrx_word'/>
</head>
<body>
  <div class='ocr_page' id='page_1' title='image "./cronicaabbrevia00joangoog_0174.png"; bbox 0 0 2708 4854; ppageno 0'>
   <div class='ocr_carea' id='block_1_1' title="bbox 522 439 724 509">
    <p class='ocr_par' dir='ltr' id='par_1_1' title="bbox 522 439 724 509">
     <span class='ocr_line' id='line_1_1' title="bbox 522 439 724 509; baseline -0.01 0"><span class='ocrx_word' id='word_1_1' title='bbox 522 439 724 509; x_wconf 79' lang='lat' dir='ltr'>-ttt—</span> 
     </span>
    </p>
   </div>
   <div class='ocr_carea' id='block_1_2' title="bbox 85 601 1157 2562">
    <p class='ocr_par' dir='ltr' id='par_1_2' title="bbox 85 601 1157 2562">
     <span class='ocr_line' id='line_1_2' title="bbox 88 601 1153 694; baseline -0.001 -22"><span class='ocrx_word' id='word_1_2' title='bbox 88 605 180 672; x_wconf 89' lang='lat' dir='ltr'>istius</span> <span class='ocrx_word' id='word_1_3' title='bbox 193 602 332 688; x_wconf 77' lang='lat' dir='ltr'>abbatiS,</span> <span class='ocrx_word' id='word_1_4' title='bbox 344 603 378 671; x_wconf 91' lang='lat' dir='ltr'>in</span> <span class='ocrx_word' id='word_1_5' title='bbox 393 603 500 691; x_wconf 84' lang='lat' dir='ltr'>vigilia</span> <span class='ocrx_word' id='word_1_6' title='bbox 512 605 614 673; x_wconf 86' lang='lat' dir='ltr'>saneti</span> <span class='ocrx_word' id='word_1_7' title='bbox 629 603 807 688; x_wconf 90' lang='lat' dir='ltr'>Laurentii,</span> <span class='ocrx_word' id='word_1_8' title='bbox 817 601 1153 694; x_wconf 74' lang='lat' dir='ltr'>annullominillrlll,</span> 
     </span>
     <span class='ocr_line' id='line_1_3' title="bbox 88 720 1154 806; baseline 0.001 -18"><span class='ocrx_word' id='word_1_9' title='bbox 88 723 167 789; x_wconf 90' lang='lat' dir='ltr'>hora</span> <span class='ocrx_word' id='word_1_10' title='bbox 184 720 363 789; x_wconf 89' lang='lat' dir='ltr'>deeimade</span> <span class='ocrx_word' id='word_1_11' title='bbox 376 733 481 806; x_wconf 87' lang='lat' dir='ltr'>noete,</span> <span class='ocrx_word' id='word_1_12' title='bbox 499 721 531 789; x_wconf 94' lang='lat' dir='ltr'>in</span> <span class='ocrx_word' id='word_1_13' title='bbox 548 723 618 791; x_wconf 89' lang='lat' dir='ltr'>loeo</span> <span class='ocrx_word' id='word_1_14' title='bbox 632 722 719 789; x_wconf 88' lang='lat' dir='ltr'>dieto</span> <span class='ocrx_word' id='word_1_15' title='bbox 734 722 981 805; x_wconf 81' lang='lat' dir='ltr'>Porta-Boudet,</span> <span class='ocrx_word' id='word_1_16' title='bbox 1000 720 1154 806; x_wconf 86' lang='lat' dir='ltr'>Parisius,</span> 
     </span>
     <span class='ocr_line' id='line_1_4' title="bbox 88 836 1155 927; baseline 0.002 -21"><span class='ocrx_word' id='word_1_17' title='bbox 88 838 220 927; x_wconf 89' lang='lat' dir='ltr'>quidam</span> <span class='ocrx_word' id='word_1_18' title='bbox 235 836 546 906; x_wconf 87' lang='lat' dir='ltr'>nominatusRoulol</span> <span class='ocrx_word' id='word_1_19' title='bbox 555 838 775 905; x_wconf 80' lang='lat' dir='ltr'>tl’Arrtouville</span> <span class='ocrx_word' id='word_1_20' title='bbox 784 836 945 909; x_wconf 73' lang='lat' dir='ltr'><strong>interfecit</strong></span> <span class='ocrx_word' id='word_1_21' title='bbox 958 836 1155 908; x_wconf 79' lang='lat' dir='ltr'>ludovicum</span> 
     </span>
     <span class='ocr_line' id='line_1_5' title="bbox 87 952 1157 1044; baseline -0.001 -23"><span class='ocrx_word' id='word_1_22' title='bbox 87 954 204 1022; x_wconf 85' lang='lat' dir='ltr'>ducem</span> <span class='ocrx_word' id='word_1_23' title='bbox 217 952 499 1043; x_wconf 18' lang='lat' dir='ltr'>d&#39;Orle&#39;onaaquod</span> <span class='ocrx_word' id='word_1_24' title='bbox 510 955 600 1023; x_wconf 86' lang='lat' dir='ltr'>nelos</span> <span class='ocrx_word' id='word_1_25' title='bbox 611 953 796 1044; x_wconf 85' lang='lat' dir='ltr'>impositum</span> <span class='ocrx_word' id='word_1_26' title='bbox 812 952 982 1040; x_wconf 87' lang='lat' dir='ltr'>estloanni</span> <span class='ocrx_word' id='word_1_27' title='bbox 996 953 1071 1021; x_wconf 86' lang='lat' dir='ltr'>duci</span> <span class='ocrx_word' id='word_1_28' title='bbox 1080 954 1157 1021; x_wconf 90' lang='lat' dir='ltr'>Bur-</span> 
     </span>
     <span class='ocr_line' id='line_1_6' title="bbox 87 1071 1155 1160; baseline 0.001 -22"><span class='ocrx_word' id='word_1_29' title='bbox 87 1071 232 1157; x_wconf 81' lang='lat' dir='ltr'>gundiae,</span> <span class='ocrx_word' id='word_1_30' title='bbox 248 1071 282 1138; x_wconf 92' lang='lat' dir='ltr'>in</span> <span class='ocrx_word' id='word_1_31' title='bbox 301 1093 448 1160; x_wconf 84' lang='lat' dir='ltr'>regressu</span> <span class='ocrx_word' id='word_1_32' title='bbox 463 1094 630 1140; x_wconf 81' lang='lat' dir='ltr'>carcerum</span> <span class='ocrx_word' id='word_1_33' title='bbox 646 1071 825 1140; x_wconf 90' lang='lat' dir='ltr'>inlidelium</span> <span class='ocrx_word' id='word_1_34' title='bbox 842 1073 917 1140; x_wconf 91' lang='lat' dir='ltr'>belli</span> <span class='ocrx_word' id='word_1_35' title='bbox 934 1074 972 1140; x_wconf 85' lang='lat' dir='ltr'>de</span> <span class='ocrx_word' id='word_1_36' title='bbox 987 1073 1131 1160; x_wconf 66' lang='lat' dir='ltr'>Honorio</span> <span class='ocrx_word' id='word_1_37' title='bbox 1142 1095 1155 1157; x_wconf 70' lang='grc' dir='ltr'>,ζ</span> 
     </span>
     <span class='ocr_line' id='line_1_7' title="bbox 89 1187 1153 1278; baseline 0.002 -24"><span class='ocrx_word' id='word_1_38' title='bbox 89 1197 120 1254; x_wconf 90' lang='lat' dir='ltr'>et</span> <span class='ocrx_word' id='word_1_39' title='bbox 147 1208 185 1254; x_wconf 84' lang='lat' dir='ltr'>ex</span> <span class='ocrx_word' id='word_1_40' title='bbox 210 1209 275 1276; x_wconf 90' lang='lat' dir='ltr'>qua</span> <span class='ocrx_word' id='word_1_41' title='bbox 301 1199 405 1257; x_wconf 91' lang='lat' dir='ltr'>morte</span> <span class='ocrx_word' id='word_1_42' title='bbox 426 1198 683 1278; x_wconf 85' lang='lat' dir='ltr'>supervenerunt</span> <span class='ocrx_word' id='word_1_43' title='bbox 700 1187 827 1258; x_wconf 83' lang='lat' dir='ltr'>infinita</span> <span class='ocrx_word' id='word_1_44' title='bbox 844 1188 929 1255; x_wconf 88' lang='lat' dir='ltr'>mala</span> <span class='ocrx_word' id='word_1_45' title='bbox 949 1188 1025 1256; x_wconf 86' lang='lat' dir='ltr'>huie</span> <span class='ocrx_word' id='word_1_46' title='bbox 1042 1208 1153 1275; x_wconf 84' lang='lat' dir='ltr'>regno,</span> 
     </span>
     <span class='ocr_line' id='line_1_8' title="bbox 88 1304 1153 1396; baseline 0.004 -25"><span class='ocrx_word' id='word_1_47' title='bbox 88 1304 285 1394; x_wconf 76' lang='lat' dir='ltr'>pestilentia,</span> <span class='ocrx_word' id='word_1_48' title='bbox 296 1305 416 1372; x_wconf 90' lang='lat' dir='ltr'>bellum</span> <span class='ocrx_word' id='word_1_49' title='bbox 427 1315 458 1373; x_wconf 91' lang='lat' dir='ltr'>et</span> <span class='ocrx_word' id='word_1_50' title='bbox 469 1306 582 1385; x_wconf 75' lang='lat' dir='ltr'>lumea,</span> <span class='ocrx_word' id='word_1_51' title='bbox 595 1305 671 1373; x_wconf 90' lang='lat' dir='ltr'>etin</span> <span class='ocrx_word' id='word_1_52' title='bbox 683 1317 775 1396; x_wconf 92' lang='lat' dir='ltr'>parte</span> <span class='ocrx_word' id='word_1_53' title='bbox 789 1305 928 1395; x_wconf 76' lang='lat' dir='ltr'>perditio</span> <span class='ocrx_word' id='word_1_54' title='bbox 941 1305 1038 1387; x_wconf 87' lang='lat' dir='ltr'>totius</span> <span class='ocrx_word' id='word_1_55' title='bbox 1051 1308 1153 1394; x_wconf 84' lang='lat' dir='ltr'>regni.</span> 
     </span>
     <span class='ocr_line' id='line_1_9' title="bbox 88 1419 1155 1508; baseline 0.003 -20"><span class='ocrx_word' id='word_1_56' title='bbox 88 1419 153 1505; x_wconf 84' lang='lat' dir='ltr'>Nee</span> <span class='ocrx_word' id='word_1_57' title='bbox 181 1421 295 1488; x_wconf 81' lang='lat' dir='ltr'>oculus</span> <span class='ocrx_word' id='word_1_58' title='bbox 325 1421 415 1506; x_wconf 87' lang='lat' dir='ltr'>ridit,</span> <span class='ocrx_word' id='word_1_59' title='bbox 432 1442 492 1489; x_wconf 87' lang='lat' dir='ltr'>nee</span> <span class='ocrx_word' id='word_1_60' title='bbox 519 1422 607 1490; x_wconf 85' lang='lat' dir='ltr'>auris</span> <span class='ocrx_word' id='word_1_61' title='bbox 634 1422 769 1506; x_wconf 87' lang='lat' dir='ltr'>audivit,</span> <span class='ocrx_word' id='word_1_62' title='bbox 796 1443 855 1490; x_wconf 89' lang='lat' dir='ltr'>nee</span> <span class='ocrx_word' id='word_1_63' title='bbox 880 1421 913 1489; x_wconf 94' lang='lat' dir='ltr'>in</span> <span class='ocrx_word' id='word_1_64' title='bbox 936 1443 992 1490; x_wconf 86' lang='lat' dir='ltr'>eor</span> <span class='ocrx_word' id='word_1_65' title='bbox 1014 1422 1155 1508; x_wconf 89' lang='lat' dir='ltr'>hominis</span> 
     </span>
     <span class='ocr_line' id='line_1_10' title="bbox 90 1536 1152 1630; baseline 0.003 -25"><span class='ocrx_word' id='word_1_66' title='bbox 90 1536 235 1607; x_wconf 86' lang='lat' dir='ltr'>ascendit</span> <span class='ocrx_word' id='word_1_67' title='bbox 255 1560 327 1628; x_wconf 91' lang='lat' dir='ltr'>quae</span> <span class='ocrx_word' id='word_1_68' title='bbox 347 1549 379 1607; x_wconf 89' lang='lat' dir='ltr'>et</span> <span class='ocrx_word' id='word_1_69' title='bbox 393 1550 515 1629; x_wconf 84' lang='lat' dir='ltr'>qrranta</span> <span class='ocrx_word' id='word_1_70' title='bbox 535 1541 620 1608; x_wconf 89' lang='lat' dir='ltr'>mala</span> <span class='ocrx_word' id='word_1_71' title='bbox 640 1562 675 1608; x_wconf 89' lang='lat' dir='ltr'>su</span> <span class='ocrx_word' id='word_1_72' title='bbox 681 1561 739 1630; x_wconf 94' lang='lat' dir='ltr'>per</span> <span class='ocrx_word' id='word_1_73' title='bbox 759 1539 928 1608; x_wconf 84' lang='lat' dir='ltr'>eeclesiam</span> <span class='ocrx_word' id='word_1_74' title='bbox 947 1540 1152 1627; x_wconf 78' lang='lat' dir='ltr'>militantem,</span> 
     </span>
     <span class='ocr_line' id='line_1_11' title="bbox 87 1655 1154 1748; baseline 0.006 -28"><span class='ocrx_word' id='word_1_75' title='bbox 87 1675 188 1744; x_wconf 89' lang='lat' dir='ltr'>super</span> <span class='ocrx_word' id='word_1_76' title='bbox 204 1655 328 1722; x_wconf 88' lang='lat' dir='ltr'>nobiles</span> <span class='ocrx_word' id='word_1_77' title='bbox 341 1667 372 1723; x_wconf 92' lang='lat' dir='ltr'>et</span> <span class='ocrx_word' id='word_1_78' title='bbox 387 1677 486 1745; x_wconf 88' lang='lat' dir='ltr'>super</span> <span class='ocrx_word' id='word_1_79' title='bbox 500 1656 686 1746; x_wconf 78' lang='lat' dir='ltr'>populareS,</span> <span class='ocrx_word' id='word_1_80' title='bbox 701 1667 878 1740; x_wconf 80' lang='lat' dir='ltr'>venerunt3</span> <span class='ocrx_word' id='word_1_81' title='bbox 897 1678 957 1726; x_wconf 87' lang='lat' dir='ltr'>nee</span> <span class='ocrx_word' id='word_1_82' title='bbox 971 1658 1087 1725; x_wconf 88' lang='lat' dir='ltr'>rulnus</span> <span class='ocrx_word' id='word_1_83' title='bbox 1102 1679 1154 1748; x_wconf 85' lang='lat' dir='ltr'>sa-</span> 
     </span>
     <span class='ocr_line' id='line_1_12' title="bbox 89 1769 1155 1859; baseline 0.005 -24"><span class='ocrx_word' id='word_1_84' title='bbox 89 1780 197 1836; x_wconf 89' lang='lat' dir='ltr'>natur.</span> <span class='ocrx_word' id='word_1_85' title='bbox 221 1769 256 1836; x_wconf 93' lang='lat' dir='ltr'>ln</span> <span class='ocrx_word' id='word_1_86' title='bbox 273 1790 359 1837; x_wconf 89' lang='lat' dir='ltr'>anno</span> <span class='ocrx_word' id='word_1_87' title='bbox 373 1770 534 1859; x_wconf 83' lang='lat' dir='ltr'>sequenti,</span> <span class='ocrx_word' id='word_1_88' title='bbox 552 1771 675 1839; x_wconf 86' lang='lat' dir='ltr'>seilicet</span> <span class='ocrx_word' id='word_1_89' title='bbox 691 1769 805 1856; x_wconf 82' lang='lat' dir='ltr'>tttt80&#39;,</span> <span class='ocrx_word' id='word_1_90' title='bbox 821 1771 927 1841; x_wconf 86' lang='lat' dir='ltr'>dietus</span> <span class='ocrx_word' id='word_1_91' title='bbox 938 1774 1077 1842; x_wconf 85' lang='lat' dir='ltr'>loannes</span> <span class='ocrx_word' id='word_1_92' title='bbox 1090 1772 1155 1841; x_wconf 86' lang='lat' dir='ltr'>dux</span> 
     </span>
     <span class='ocr_line' id='line_1_13' title="bbox 88 1885 1157 1980; baseline 0.005 -27"><span class='ocrx_word' id='word_1_93' title='bbox 88 1885 258 1955; x_wconf 85' lang='lat' dir='ltr'>debellarit</span> <span class='ocrx_word' id='word_1_94' title='bbox 277 1886 532 1973; x_wconf 76' lang='lat' dir='ltr'>teodonensest,</span> <span class='ocrx_word' id='word_1_95' title='bbox 551 1889 706 1977; x_wconf 69' lang='lat' dir='ltr'>tiepeots,</span> <span class='ocrx_word' id='word_1_96' title='bbox 723 1900 755 1957; x_wconf 90' lang='lat' dir='ltr'>et</span> <span class='ocrx_word' id='word_1_97' title='bbox 772 1889 933 1958; x_wconf 83' lang='lat' dir='ltr'>interiecit</span> <span class='ocrx_word' id='word_1_98' title='bbox 948 1890 1054 1978; x_wconf 79' lang='lat' dir='ltr'>gladio</span> <span class='ocrx_word' id='word_1_99' title='bbox 1065 1890 1157 1980; x_wconf 83' lang='lat' dir='ltr'>juxta</span> 
     </span>
     <span class='ocr_line' id='line_1_14' title="bbox 92 2002 1156 2097; baseline 0.005 -27"><span class='ocrx_word' id='word_1_100' title='bbox 92 2005 230 2092; x_wconf 73' lang='lat' dir='ltr'>Tonpres</span> <span class='ocrx_word' id='word_1_101' title='bbox 249 2002 365 2091; x_wconf 77' lang='lat' dir='ltr'>vigenti</span> <span class='ocrx_word' id='word_1_102' title='bbox 384 2015 525 2093; x_wconf 88' lang='lat' dir='ltr'>quatuor</span> <span class='ocrx_word' id='word_1_103' title='bbox 537 2005 638 2073; x_wconf 90' lang='lat' dir='ltr'>millia</span> <span class='ocrx_word' id='word_1_104' title='bbox 653 2004 835 2073; x_wconf 91' lang='lat' dir='ltr'>hominum.</span> <span class='ocrx_word' id='word_1_105' title='bbox 855 2005 1050 2097; x_wconf 85' lang='lat' dir='ltr'>Capitaneus</span> <span class='ocrx_word' id='word_1_106' title='bbox 1068 2007 1156 2097; x_wconf 88' lang='lat' dir='ltr'>ipso·</span> 
     </span>
     <span class='ocr_line' id='line_1_15' title="bbox 87 2117 1155 2210; baseline 0.004 -24"><span class='ocrx_word' id='word_1_107' title='bbox 87 2141 161 2187; x_wconf 91' lang='lat' dir='ltr'>rum</span> <span class='ocrx_word' id='word_1_108' title='bbox 182 2119 413 2188; x_wconf 79' lang='lat' dir='ltr'>nominabatur</span> <span class='ocrx_word' id='word_1_109' title='bbox 430 2121 581 2190; x_wconf 89' lang='lat' dir='ltr'>dominus</span> <span class='ocrx_word' id='word_1_110' title='bbox 599 2122 638 2188; x_wconf 88' lang='lat' dir='ltr'>de</span> <span class='ocrx_word' id='word_1_111' title='bbox 656 2117 785 2206; x_wconf 66' lang='lat' dir='ltr'>Perierat,</span> <span class='ocrx_word' id='word_1_112' title='bbox 808 2121 863 2210; x_wconf 91' lang='lat' dir='ltr'>qui</span> <span class='ocrx_word' id='word_1_113' title='bbox 884 2121 1076 2190; x_wconf 87' lang='lat' dir='ltr'>sententiam</span> <span class='ocrx_word' id='word_1_114' title='bbox 1098 2124 1155 2190; x_wconf 93' lang='lat' dir='ltr'>ha-</span> 
     </span>
     <span class='ocr_line' id='line_1_16' title="bbox 85 2236 1156 2329; baseline 0.001 -24"><span class='ocrx_word' id='word_1_115' title='bbox 85 2237 159 2305; x_wconf 90' lang='lat' dir='ltr'>buit</span> <span class='ocrx_word' id='word_1_116' title='bbox 179 2236 360 2326; x_wconf 87' lang='lat' dir='ltr'>capitalem.</span> <span class='ocrx_word' id='word_1_117' title='bbox 386 2237 522 2317; x_wconf 85' lang='lat' dir='ltr'>Querela</span> <span class='ocrx_word' id='word_1_118' title='bbox 547 2238 692 2328; x_wconf 92' lang='lat' dir='ltr'>ipsorum</span> <span class='ocrx_word' id='word_1_119' title='bbox 717 2248 786 2306; x_wconf 86' lang='lat' dir='ltr'>erat</span> <span class='ocrx_word' id='word_1_120' title='bbox 806 2260 905 2328; x_wconf 92' lang='lat' dir='ltr'>super</span> <span class='ocrx_word' id='word_1_121' title='bbox 923 2237 1075 2329; x_wconf 88' lang='lat' dir='ltr'>episcopo</span> <span class='ocrx_word' id='word_1_122' title='bbox 1097 2260 1156 2307; x_wconf 91' lang='lat' dir='ltr'>suo</span> 
     </span>
     <span class='ocr_line' id='line_1_17' title="bbox 88 2353 1153 2445; baseline 0.003 -25"><span class='ocrx_word' id='word_1_123' title='bbox 88 2374 154 2421; x_wconf 92' lang='lat' dir='ltr'>non</span> <span class='ocrx_word' id='word_1_124' title='bbox 171 2353 350 2437; x_wconf 89' lang='lat' dir='ltr'>sacerdote,</span> <span class='ocrx_word' id='word_1_125' title='bbox 364 2365 499 2441; x_wconf 77' lang='lat' dir='ltr'>cognato</span> <span class='ocrx_word' id='word_1_126' title='bbox 518 2354 596 2422; x_wconf 88' lang='lat' dir='ltr'>dieti</span> <span class='ocrx_word' id='word_1_127' title='bbox 610 2354 743 2423; x_wconf 87' lang='lat' dir='ltr'>loannis</span> <span class='ocrx_word' id='word_1_128' title='bbox 758 2355 851 2422; x_wconf 89' lang='lat' dir='ltr'>ducis</span> <span class='ocrx_word' id='word_1_129' title='bbox 867 2365 1011 2445; x_wconf 81' lang='lat' dir='ltr'>exparte</span> <span class='ocrx_word' id='word_1_130' title='bbox 1028 2355 1153 2440; x_wconf 89' lang='lat' dir='ltr'>matris,</span> 
     </span>
     <span class='ocr_line' id='line_1_18' title="bbox 88 2471 996 2562; baseline 0.002 -24"><span class='ocrx_word' id='word_1_131' title='bbox 88 2493 149 2539; x_wconf 87' lang='lat' dir='ltr'>neo</span> <span class='ocrx_word' id='word_1_132' title='bbox 170 2493 203 2539; x_wconf 89' lang='lat' dir='ltr'>se</span> <span class='ocrx_word' id='word_1_133' title='bbox 216 2471 355 2540; x_wconf 88' lang='lat' dir='ltr'>hahebat</span> <span class='ocrx_word' id='word_1_134' title='bbox 370 2472 503 2539; x_wconf 88' lang='lat' dir='ltr'>honeste</span> <span class='ocrx_word' id='word_1_135' title='bbox 523 2493 613 2540; x_wconf 92' lang='lat' dir='ltr'>more</span> <span class='ocrx_word' id='word_1_136' title='bbox 631 2471 768 2562; x_wconf 76' lang='lat' dir='ltr'>praelati,</span> <span class='ocrx_word' id='word_1_137' title='bbox 784 2482 821 2539; x_wconf 90' lang='lat' dir='ltr'>ut</span> <span class='ocrx_word' id='word_1_138' title='bbox 835 2471 996 2540; x_wconf 86' lang='lat' dir='ltr'>dicebant.</span> 
     </span>
    </p>
   </div>
   <div class='ocr_carea' id='block_1_3' title="bbox 570 2751 667 2820">
    <p class='ocr_par' dir='ltr' id='par_1_3' title="bbox 570 2751 667 2820">
     <span class='ocr_line' id='line_1_19' title="bbox 570 2751 667 2820; baseline 0 -1"><span class='ocrx_word' id='word_1_139' title='bbox 570 2751 667 2820; x_wconf 87' lang='lat' dir='ltr'>XLlll</span> 
     </span>
    </p>
   </div>
   <div class='ocr_carea' id='block_1_4' title="bbox 84 2957 1156 3506">
    <p class='ocr_par' dir='ltr' id='par_1_4' title="bbox 84 2957 1156 3506">
     <span class='ocr_line' id='line_1_20' title="bbox 84 2957 1156 3031; baseline 0 -18"><span class='ocrx_word' id='word_1_140' title='bbox 84 2959 153 3013; x_wconf 75' lang='lat' dir='ltr'>lanu</span> <span class='ocrx_word' id='word_1_141' title='bbox 168 2972 202 3011; x_wconf 82' lang='lat' dir='ltr'>nn</span> <span class='ocrx_word' id='word_1_142' title='bbox 218 2957 386 3026; x_wconf 84' lang='lat' dir='ltr'>Bonounror,</span> <span class='ocrx_word' id='word_1_143' title='bbox 400 2960 447 3012; x_wconf 71' lang='grc' dir='ltr'>43ο</span> <span class='ocrx_word' id='word_1_144' title='bbox 461 2957 543 3026; x_wconf 79' lang='lat' dir='ltr'>abbe,</span> <span class='ocrx_word' id='word_1_145' title='bbox 554 2958 789 3031; x_wconf 78' lang='lat' dir='ltr'>precedemment</span> <span class='ocrx_word' id='word_1_146' title='bbox 805 2959 904 3031; x_wconf 87' lang='lat' dir='ltr'>prieur</span> <span class='ocrx_word' id='word_1_147' title='bbox 918 2959 956 3015; x_wconf 92' lang='lat' dir='ltr'>du</span> <span class='ocrx_word' id='word_1_148' title='bbox 973 2960 1024 3014; x_wconf 79' lang='lat' dir='ltr'>Pre</span> <span class='ocrx_word' id='word_1_149' title='bbox 1040 2975 1076 3014; x_wconf 89' lang='lat' dir='ltr'>en</span> <span class='ocrx_word' id='word_1_150' title='bbox 1087 2959 1156 3013; x_wconf 93' lang='lat' dir='ltr'>Nor-</span> 
     </span>
     <span class='ocr_line' id='line_1_21' title="bbox 123 3056 1155 3129; baseline 0.004 -19"><span class='ocrx_word' id='word_1_151' title='bbox 123 3056 252 3126; x_wconf 84' lang='lat' dir='ltr'>mundie,</span> <span class='ocrx_word' id='word_1_152' title='bbox 268 3072 305 3111; x_wconf 91' lang='lat' dir='ltr'>ne</span> <span class='ocrx_word' id='word_1_153' title='bbox 320 3072 468 3127; x_wconf 86' lang='lat' dir='ltr'>gouverne</span> <span class='ocrx_word' id='word_1_154' title='bbox 484 3073 540 3127; x_wconf 89' lang='lat' dir='ltr'>quo</span> <span class='ocrx_word' id='word_1_155' title='bbox 559 3060 592 3111; x_wconf 83' lang='lat'>30</span> <span class='ocrx_word' id='word_1_156' title='bbox 612 3058 688 3112; x_wconf 87' lang='lat' dir='ltr'>mois</span> <span class='ocrx_word' id='word_1_157' title='bbox 704 3056 832 3129; x_wconf 77' lang='lat' dir='ltr'>l’abltaye</span> <span class='ocrx_word' id='word_1_158' title='bbox 848 3057 882 3113; x_wconf 88' lang='lat' dir='ltr'>de</span> <span class='ocrx_word' id='word_1_159' title='bbox 903 3058 1116 3129; x_wconf 80' lang='lat' dir='ltr'>saint-itiquier</span> <span class='ocrx_word' id='word_1_160' title='bbox 1127 3062 1155 3114; x_wconf 87' lang='lat' dir='ltr'>et</span> 
     </span>
     <span class='ocr_line' id='line_1_22' title="bbox 123 3154 1156 3223; baseline 0.002 -15"><span class='ocrx_word' id='word_1_161' title='bbox 123 3155 215 3223; x_wconf 73' lang='lat' dir='ltr'>reeoit</span> <span class='ocrx_word' id='word_1_162' title='bbox 232 3155 302 3210; x_wconf 85' lang='lat' dir='ltr'>celle</span> <span class='ocrx_word' id='word_1_163' title='bbox 325 3154 360 3209; x_wconf 89' lang='lat' dir='ltr'>de</span> <span class='ocrx_word' id='word_1_164' title='bbox 380 3155 622 3210; x_wconf 89' lang='lat' dir='ltr'>Saint-Vandrille</span> <span class='ocrx_word' id='word_1_165' title='bbox 639 3156 656 3209; x_wconf 76' lang='lat' dir='ltr'>a</span> <span class='ocrx_word' id='word_1_166' title='bbox 679 3157 791 3211; x_wconf 85' lang='lat' dir='ltr'>Rouen.</span> <span class='ocrx_word' id='word_1_167' title='bbox 807 3187 841 3194; x_wconf 95' lang='lat'>—</span> <span class='ocrx_word' id='word_1_168' title='bbox 856 3157 1012 3212; x_wconf 78' lang='lat' dir='ltr'>Exeeulion</span> <span class='ocrx_word' id='word_1_169' title='bbox 1025 3155 1059 3211; x_wconf 90' lang='lat' dir='ltr'>do</span> <span class='ocrx_word' id='word_1_170' title='bbox 1073 3159 1156 3211; x_wconf 86' lang='lat' dir='ltr'>Mon·</span> 
     </span>
     <span class='ocr_line' id='line_1_23' title="bbox 125 3253 1155 3327; baseline 0.003 -20"><span class='ocrx_word' id='word_1_171' title='bbox 125 3259 202 3324; x_wconf 83' lang='lat' dir='ltr'>lagu.</span> <span class='ocrx_word' id='word_1_172' title='bbox 219 3286 253 3293; x_wconf 96' lang='lat'><strong>—</strong></span> <span class='ocrx_word' id='word_1_173' title='bbox 270 3255 362 3309; x_wconf 88' lang='lat' dir='ltr'>Pierre</span> <span class='ocrx_word' id='word_1_174' title='bbox 379 3253 430 3308; x_wconf 90' lang='lat' dir='ltr'>des</span> <span class='ocrx_word' id='word_1_175' title='bbox 447 3256 556 3323; x_wconf 87' lang='lat' dir='ltr'>Essars,</span> <span class='ocrx_word' id='word_1_176' title='bbox 573 3257 674 3327; x_wconf 78' lang='lat' dir='ltr'>prevot</span> <span class='ocrx_word' id='word_1_177' title='bbox 691 3254 725 3310; x_wconf 90' lang='lat' dir='ltr'>de</span> <span class='ocrx_word' id='word_1_178' title='bbox 742 3254 831 3309; x_wconf 85' lang='lat' dir='ltr'>Puris.</span> <span class='ocrx_word' id='word_1_179' title='bbox 847 3286 880 3294; x_wconf 94' lang='lat'>-</span> <span class='ocrx_word' id='word_1_180' title='bbox 895 3254 1012 3311; x_wconf 83' lang='lat' dir='ltr'>Bataille</span> <span class='ocrx_word' id='word_1_181' title='bbox 1028 3254 1066 3309; x_wconf 92' lang='lat' dir='ltr'>du</span> <span class='ocrx_word' id='word_1_182' title='bbox 1083 3259 1155 3327; x_wconf 91' lang='lat' dir='ltr'>pont</span> 
     </span>
     <span class='ocr_line' id='line_1_24' title="bbox 123 3352 1155 3409; baseline 0.002 -3"><span class='ocrx_word' id='word_1_183' title='bbox 123 3352 158 3406; x_wconf 91' lang='lat' dir='ltr'>de</span> <span class='ocrx_word' id='word_1_184' title='bbox 174 3352 372 3407; x_wconf 81' lang='lat' dir='ltr'>saint-Claud.</span> <span class='ocrx_word' id='word_1_185' title='bbox 387 3384 421 3391; x_wconf 90' lang='lat'><em>-</em></span> <span class='ocrx_word' id='word_1_186' title='bbox 440 3353 640 3408; x_wconf 88' lang='lat' dir='ltr'>lnsurreetion</span> <span class='ocrx_word' id='word_1_187' title='bbox 656 3353 706 3409; x_wconf 86' lang='lat' dir='ltr'>des</span> <span class='ocrx_word' id='word_1_188' title='bbox 720 3352 865 3408; x_wconf 86' lang='lat' dir='ltr'>bouchers</span> <span class='ocrx_word' id='word_1_189' title='bbox 878 3352 913 3408; x_wconf 89' lang='lat' dir='ltr'>de</span> <span class='ocrx_word' id='word_1_190' title='bbox 928 3353 1018 3408; x_wconf 79' lang='lat' dir='ltr'>Paris,</span> <span class='ocrx_word' id='word_1_191' title='bbox 1034 3384 1068 3394; x_wconf 93' lang='lat'><em>-</em></span> <span class='ocrx_word' id='word_1_192' title='bbox 1084 3355 1155 3408; x_wconf 86' lang='lat' dir='ltr'>Des·</span> 
     </span>
     <span class='ocr_line' id='line_1_25' title="bbox 124 3449 584 3506; baseline 0 -2"><span class='ocrx_word' id='word_1_193' title='bbox 124 3451 253 3506; x_wconf 88' lang='lat' dir='ltr'>truction</span> <span class='ocrx_word' id='word_1_194' title='bbox 269 3450 304 3505; x_wconf 89' lang='lat' dir='ltr'>de</span> <span class='ocrx_word' id='word_1_195' title='bbox 318 3449 346 3504; x_wconf 90' lang='lat' dir='ltr'>la</span> <span class='ocrx_word' id='word_1_196' title='bbox 362 3455 428 3505; x_wconf 89' lang='lat' dir='ltr'>tour</span> <span class='ocrx_word' id='word_1_197' title='bbox 442 3450 477 3506; x_wconf 92' lang='lat' dir='ltr'>de</span> <span class='ocrx_word' id='word_1_198' title='bbox 492 3451 584 3506; x_wconf 84' lang='lat' dir='ltr'>Nosle.</span> 
     </span>
    </p>
   </div>
   <div class='ocr_carea' id='block_1_5' title="bbox 132 3630 1154 3722">
    <p class='ocr_par' dir='ltr' id='par_1_5' title="bbox 132 3630 1154 3722">
     <span class='ocr_line' id='line_1_26' title="bbox 132 3630 1154 3722; baseline 0.002 -24"><span class='ocrx_word' id='word_1_199' title='bbox 132 3632 247 3722; x_wconf 72' lang='lat' dir='ltr'>(lopez</span> <span class='ocrx_word' id='word_1_200' title='bbox 272 3631 352 3702; x_wconf 88' lang='lat' dir='ltr'>Dour</span> <span class='ocrx_word' id='word_1_201' title='bbox 381 3631 500 3702; x_wconf 83' lang='lat' dir='ltr'>Cotron</span> <span class='ocrx_word' id='word_1_202' title='bbox 527 3634 545 3699; x_wconf 74' lang='lat' dir='ltr'>a</span> <span class='ocrx_word' id='word_1_203' title='bbox 568 3631 694 3700; x_wconf 80' lang='lat' dir='ltr'>l’annee</span> <span class='ocrx_word' id='word_1_204' title='bbox 715 3630 814 3701; x_wconf 78' lang='lat' dir='ltr'>llll).</span> <span class='ocrx_word' id='word_1_205' title='bbox 841 3671 886 3682; x_wconf 89' lang='lat'><em>-</em></span> <span class='ocrx_word' id='word_1_206' title='bbox 903 3632 983 3701; x_wconf 88' lang='lat' dir='ltr'>lean</span> <span class='ocrx_word' id='word_1_207' title='bbox 1008 3632 1047 3700; x_wconf 89' lang='lat' dir='ltr'>de</span> <span class='ocrx_word' id='word_1_208' title='bbox 1070 3632 1154 3701; x_wconf 91' lang='lat' dir='ltr'>Bou·</span> 
     </span>
    </p>
   </div>
   <div class='ocr_carea' id='block_1_6' title="bbox 84 3826 1154 4061">
    <p class='ocr_par' dir='ltr' id='par_1_6' title="bbox 84 3826 1154 4061">
     <span class='ocr_line' id='line_1_27' title="bbox 117 3826 1153 3897; baseline 0 -18"><span class='ocrx_word' id='word_1_209' title='bbox 117 3831 125 3889; x_wconf 88' lang='lat'><strong>(</strong></span> <span class='ocrx_word' id='word_1_210' title='bbox 133 3829 154 3890; x_wconf 87' lang='lat' dir='ltr'>l)</span> <span class='ocrx_word' id='word_1_211' title='bbox 171 3826 349 3882; x_wconf 78' lang='lat' dir='ltr'>laodonenses</span> <span class='ocrx_word' id='word_1_212' title='bbox 363 3831 431 3881; x_wconf 84' lang='lat' dir='ltr'>dnus</span> <span class='ocrx_word' id='word_1_213' title='bbox 445 3831 472 3882; x_wconf 89' lang='lat' dir='ltr'>lu</span> <span class='ocrx_word' id='word_1_214' title='bbox 485 3831 561 3897; x_wconf 89' lang='lat' dir='ltr'>copie</span> <span class='ocrx_word' id='word_1_215' title='bbox 574 3830 672 3881; x_wconf 86' lang='lat' dir='ltr'>Buluze</span> <span class='ocrx_word' id='word_1_216' title='bbox 684 3850 690 3892; x_wconf 86' lang='lat'>3</span> <span class='ocrx_word' id='word_1_217' title='bbox 706 3828 873 3881; x_wconf 80' lang='lat' dir='ltr'>leodenemes</span> <span class='ocrx_word' id='word_1_218' title='bbox 885 3829 954 3881; x_wconf 88' lang='lat' dir='ltr'>dans</span> <span class='ocrx_word' id='word_1_219' title='bbox 965 3828 991 3879; x_wconf 86' lang='lat' dir='ltr'>la</span> <span class='ocrx_word' id='word_1_220' title='bbox 1000 3828 1075 3894; x_wconf 86' lang='lat' dir='ltr'>copie</span> <span class='ocrx_word' id='word_1_221' title='bbox 1086 3828 1153 3879; x_wconf 90' lang='lat' dir='ltr'>Dom</span> 
     </span>
     <span class='ocr_line' id='line_1_28' title="bbox 85 3918 1154 3985; baseline 0 -16"><span class='ocrx_word' id='word_1_222' title='bbox 85 3919 219 3980; x_wconf 86' lang='lat' dir='ltr'>Grenier;</span> <span class='ocrx_word' id='word_1_223' title='bbox 236 3918 412 3971; x_wconf 80' lang='lat' dir='ltr'>leodiniensea</span> <span class='ocrx_word' id='word_1_224' title='bbox 427 3921 494 3971; x_wconf 87' lang='lat' dir='ltr'>dans</span> <span class='ocrx_word' id='word_1_225' title='bbox 508 3920 625 3972; x_wconf 84' lang='lat' dir='ltr'>l&#39;extrait</span> <span class='ocrx_word' id='word_1_226' title='bbox 642 3921 676 3971; x_wconf 85' lang='lat' dir='ltr'>de</span> <span class='ocrx_word' id='word_1_227' title='bbox 691 3920 811 3985; x_wconf 77' lang='lat' dir='ltr'>Bommy.</span> <span class='ocrx_word' id='word_1_228' title='bbox 829 3947 855 3956; x_wconf 97' lang='lat'>-</span> <span class='ocrx_word' id='word_1_229' title='bbox 878 3919 913 3969; x_wconf 87' lang='lat' dir='ltr'>Le</span> <span class='ocrx_word' id='word_1_230' title='bbox 928 3919 984 3971; x_wconf 80' lang='lat' dir='ltr'>urai</span> <span class='ocrx_word' id='word_1_231' title='bbox 999 3923 1055 3970; x_wconf 84' lang='lat' dir='ltr'>mot</span> <span class='ocrx_word' id='word_1_232' title='bbox 1073 3919 1154 3970; x_wconf 85' lang='lat' dir='ltr'>serait</span> 
     </span>
     <span class='ocr_line' id='line_1_29' title="bbox 84 4008 257 4061; baseline -0.023 0"><span class='ocrx_word' id='word_1_233' title='bbox 84 4008 257 4061; x_wconf 79' lang='lat' dir='ltr'>leodicences.</span> 
     </span>
    </p>
   </div>
   <div class='ocr_carea' id='block_1_7' title="bbox 0 0 1358 4854">
    <p class='ocr_par' dir='ltr' id='par_1_7' title="bbox 0 0 1358 4854">
     <span class='ocr_line' id='line_1_30' title="bbox 0 0 1358 4854; baseline 0 0"><span class='ocrx_word' id='word_1_234' title='bbox 0 0 1358 4854; x_wconf 95' lang='lat' dir='ltr'> </span> 
     </span>
    </p>
   </div>
  </div>
 </body>
</html>
