2708 4854
485 286 686 355 -147—

48 450 218 519 ballivium
231 449 455 534 &hormisde
472 451 541 516 Dur
556 449 580 534 ¹,
600 461 631 518 el
647 448 816 517 dominum
834 449 873 517 de
890 450 1005 519 Lilude
1016 453 1041 536 ²,
1060 452 1117 542 qui

51 571 136 638 lente
148 550 273 658 ubsque
289 549 429 635 lumultu
450 579 661 658 perrexerunt
675 589 779 658 usque
799 568 953 658 palatium
969 593 978 653 ;
997 581 1028 638 el
1045 571 1119 640 licet

51 707 210 753 numerus
224 685 368 774 ipsorum
385 706 451 753 non
466 685 642 753 excedissel
656 683 733 768 600,
753 695 859 752 lamen
877 685 937 774 ipsi
955 685 1120 774 lingebant

51 822 85 868 se
105 820 176 868 esse
196 799 229 867 in
251 799 390 867 maximo
411 820 559 882 numero,
581 809 612 866 el
635 799 781 866 lecerunt
798 800 953 868 clamores
970 823 1116 890 magnes.

51 919 256 1005 :leccperunt
270 935 391 1001 regem,
409 915 559 982 comitem
573 915 759 998 Derminnc,
776 916 1003 984 cancellarium
1021 917 1119 997 Fren-

53 1034 124 1117 ciae,
143 1042 174 1100 et
195 1033 332 1100 Remum
354 1032 392 1098 de
411 1033 443 1098 lu
466 1032 585 1101 Gnerre
602 1042 634 1099 el
649 1031 728 1100 alius
744 1031 940 1121 capitaneos,
959 1044 990 1101 el
1005 1055 1118 1124 pesue-

38 1160 198 1235 inntens
215 1148 355 1239 captivos
373 1149 406 1215 in
423 1149 555 1238 palutio,
572 1147 837 1233 inuasr0110³,in
854 1150 1069 1218 Parvo-Ponte
1086 1140 1118 1218 et

54 1265 86 1333 in
103 1265 248 1354 Templo.
274 1264 314 1331 m
332 1264 438 1332 suhilo
459 1251 611 1332 dominus
634 1266 672 1332 de
695 1249 884 1354 Tenpucpup
907 1267 951 1332 du
973 1266 1114 1350 Clenslel,

54 1379 248 1472 prrepcsilus
269 1380 470 1464 Parisiensis,
499 1380 623 1471 accepit
649 1383 772 1449 occulte
797 1381 991 1472 Delphinum
1015 1382 1119 1451 filium

55 1496 139 1584 regis
157 1506 189 1565 et
205 1496 447 1586 posuilsecum,
469 1508 499 1565 el
520 1496 690 1584 refugiavil
703 1496 737 1563 in
751 1497 912 1565 hastilium
929 1497 1036 1567 Sencli
1058 1500 1119 1566 An-

54 1613 171 1698 lhcnii,
187 1623 218 1681 et
232 1624 404 1681 tenuerunl
419 1624 530 1682 comm
546 1612 746 1681 adversarius
762 1613 882 1682 dicrum
895 1615 1070 1700 hastilium,
1088 1627 1120 1684 el

53 1731 107 1798 die
119 1729 283 1798 dominice
295 1729 335 1797 de
352 1750 447 1797 mane
464 1729 619 1819 usquead
638 1730 723 1797 diem
743 1730 896 1798 mercurii
911 1743 1098 1820 sequentem
1108 1755 1116 1816 ;

54 1867 120 1936 que
138 1845 190 1914 die
208 1845 314 1937 dictus
339 1830 514 1933 Ταηεψιῃ4
540 1845 654 1913 hahuit
681 1868 835 1934 magnum
862 1869 1066 1932 succursum,
1088 1860 1120 1917 el

55 1962 190 2030 credens
211 1982 403 2050 recuperare
424 1962 529 2029 villam
556 1946 781 2047 parisiensem,
805 1985 878 2030 cum
901 1985 1017 2051 magne
1034 1986 1121 2033 exer-

56 2081 120 2147 citu
134 2077 265 2146 intravit
279 2099 337 2168 per
349 2089 473 2166 portam
488 2077 594 2145 Sancti
607 2079 760 2146 Anthonii
773 2080 954 2168 prcelinndu
967 2081 1119 2172 usquead

57 2198 162 2263 locum
180 2193 304 2261 dictum
317 2194 345 2260 le
360 2193 597 2260 Portu-Burrdel
606 2205 674 2277 pel,
686 2194 887 2263 considerato
900 2196 986 2284 quod
996 2196 1120 2265 inimici

57 2310 532 2392 dominabanlur,·recesscnml
545 2309 668 2377 concile
676 2311 700 2394 ἵ),
712 2320 743 2377 el
755 2331 864 2378 secum
879 2310 911 2376 in
926 2310 1119 2400 Delphinum

58 2427 187 2494 l'iennae
213 2425 444 2493 lmnslulerunl
467 2425 635 2493 dominum
660 2425 854 2514 Delphinum
882 2409 994 2492 lilium
1012 2427 1117 2516 Regis.

60 2543 96 2611 Εῑ
114 2542 208 2633 qunsi
228 2563 339 2611 omnes
360 2541 568 2626 PerisienseS,
592 2563 731 2631 quorum
750 2552 851 2610 tenor
871 2543 1122 2631 seu-spiculator

59 2660 189 2729 nomine
215 2658 397 2747 Cnpulccche
425 2669 493 2726 ernt
518 2658 705 2748 capilnneus
736 2658 841 2726 maior
870 2670 901 2727 et
929 2660 1119 2745 conductor,

59 2773 211 2842 commoli
225 2782 311 2857 sunt,
323 2782 354 2839 el
365 2793 476 2839 omnes
489 2771 724 2862 prisiennnrics
738 2770 984 2868 interficiebant.
1002 2773 1119 2857 Duces,

60 2891 205 2973 comites,
220 2888 371 2972 barenes
393 2888 573 2978 episcopm,
593 2887 779 2972 canonicos,
798 2887 942 2973 anheles,
957 2890 1118 2973 docteres,

61 3005 244 3092 magistros,
264 3014 470 3086 mercatores,
488 3003 666 3089 burgenses
685 3000 922 3069 interficiebant
936 3003 1057 3092 absque
1073 3003 1123 3070 di-

61 3121 177 3189 letione
191 3139 248 3186 seu
265 3117 505 3201 informatione,
524 3128 556 3185 el
572 3117 721 3185 comitem
737 3117 928 3184 rl’Erminac
940 3129 971 3186 el
985 3117 1125 3186 Remun-

61 3237 138 3304 dum
161 3235 200 3302 de
226 3235 259 3302 lu
286 3234 405 3303 Guerre
433 3255 532 3324 super
559 3233 711 3302 calneium
738 3243 769 3302 et
798 3232 830 3300 in
861 3232 966 3303 triviis
991 3245 1023 3302 ct
1047 3234 1126 3303 locis

91 3397 125 3460 (l)
146 3393 263 3448 Vitulum
277 3394 310 3447 cle
325 3393 390 3458 Dar,
406 3394 474 3447 dens
489 3395 556 3446 Dom
572 3395 693 3446 Grenier.

90 3486 126 3547 n)
141 3485 181 3536 ne
194 3484 361 3535 rna-nuum.

90 3576 126 3637 (3)
139 3572 279 3635 Castricio,
295 3573 320 3625 le
334 3574 464 3636 Chltelet,
479 3574 547 3624 dans
561 3573 588 3624 lu
603 3573 679 3638 copie
694 3573 727 3624 de
742 3572 809 3624 Dum
824 3573 946 3639 Grenier.

91 3663 125 3725 (l)
140 3660 186 3715 Sic
197 3667 267 3713 cette
282 3663 340 3713 lois.

90 3754 124 3816 (5)
139 3748 251 3804 Cursiue
267 3751 336 3804 dens
351 3751 376 3802 lc
389 3751 465 3817 copie
480 3750 513 3802 ue
528 3750 595 3802 Dum
611 3750 740 3814 Grenier3
756 3749 866 3815 confuse
881 3750 949 3801 dans
966 3749 1080 3801 l'enlruit
1094 3750 1128 3802 de

62 3842 181 3907 Domrny.
