2708 4854
570 427 750 495 „17-

129 589 220 656 Rexit
249 591 433 658 eoenobium
467 590 679 658 sanctissime.
709 587 906 677 Gestaejus
934 587 1142 677 reperiuntur
1161 589 1194 656 in

129 706 264 774 ecclesia
277 707 418 796 quadam
431 707 660 775 canonicorum
679 706 749 795 ejus
766 706 896 774 nomine
913 705 1095 772 fundatam
1113 705 1195 773 Nur-

129 821 246 889 maniae
259 823 377 911 ducatu
396 821 661 910 Retbumagensis
677 821 826 905 diocesis,
839 821 871 887 in
885 820 957 888 villa
971 821 1009 888 de
1025 819 1192 909 Geurnap,

131 949 159 1005 et
175 938 297 1006 ibidem
319 960 436 1028 cerpus
454 938 524 1027 ejus
539 914 813 1027 ineapsntum⁸est
833 937 865 1004 in
890 937 1008 1004 feretro
1029 959 1084 1005 seu
1104 938 1195 1005 tbeeu

132 1075 226 1121 aurea
240 1066 272 1121 et
284 1067 435 1142 argentea
447 1054 620 1122 autentica.
642 1055 677 1121 In
690 1076 754 1143 qua
764 1053 898 1121 ecelesia
912 1053 975 1121 vita
988 1064 1019 1120 et
1038 1053 1194 1121 miracula

132 1171 337 1240 declarantur
356 1172 463 1240 latius.
559 1231 561 1234 ,

173 1306 355 1373 densamus
372 1305 433 1373 fuit
452 1305 585 1394 quintus
598 1306 697 1372 abbas
712 1305 810 1393 hujus
824 1307 962 1374 euenobii
981 1318 1012 1375 et
1025 1307 1106 1375 rexit
1123 1307 1193 1374 lau-

135 1419 281 1488 dabiliter
303 1421 386 1489 sicut
408 1432 494 1510 patet
511 1443 569 1510 per
588 1421 769 1490 Croniram.
795 1422 834 1490 m
858 1434 1003 1512 tempore
1025 1423 1096 1512 ejus
1115 1423 1198 1490 Deus

136 1547 240 1604 noster
262 1537 466 1626 omnipotens
490 1537 529 1604 ad
551 1539 760 1627 sepulchrum
787 1539 871 1608 beati
901 1539 1043 1607 Rieharii
1072 1514 1197 1606 infinita

138 1652 288 1720 miracula
305 1653 563 1743 supernaturalia
577 1654 806 1722 demonstrarit
823 1679 831 1739 3
853 1655 963 1744 itaque
979 1655 1084 1723 dietus
1103 1655 1198 1722 Aide-

141 1769 218 1837 rieus
232 1770 264 1837 in
281 1771 421 1860 seriptis,
438 1782 570 1861 propter
583 1772 794 1857 affluentium,
812 1795 876 1841 non
892 1773 998 1862 potuit
1012 1773 1197 1841 describere

142 1905 192 1952 nee
210 1887 366 1974 redigere.
393 1887 432 1954 Et
452 1908 601 1976 expresse
626 1887 678 1955 isti
698 1900 838 1977 quatuor
864 1888 996 1955 abbates
1026 1898 1197 1976 coeperunt

144 2005 361 2089 augmentare¹
385 2003 615 2071 monasterium
632 2004 950 2072 Ferestemunasterii
968 2025 1025 2093 per
1048 2013 1195 2072 sanetum

148 2101 320 2187 bicbarium
345 2120 450 2209 primo
472 2121 611 2205 fundati,
636 2121 718 2189 etin
740 2121 853 2188 eodem
871 2131 1028 2210 pastores,
1056 2131 1197 2187 restores

149 2245 172 2300 et
181 2236 306 2305 abbates
314 2236 446 2305 idoneos
458 2237 498 2304 de
510 2237 596 2305 dicte
610 2237 757 2305 coenobie
768 2236 951 2304 Centulensi
965 2236 1194 2336 transmittere,

151 2353 192 2418 sed
206 2355 312 2421 omnia
330 2355 392 2422 ulia
410 2365 499 2442 gesta
515 2366 572 2423 aut
591 2355 674 2422 saeta
689 2356 891 2442 ignorantur,
908 2376 967 2422 nee
986 2355 1146 2444 reperitur
1166 2354 1197 2421 in

153 2485 202 2552 qun
220 2470 287 2537 loeo
305 2470 452 2558 sepultus
474 2481 521 2538 est
534 2472 558 2537 2.

646 2748 684 2814 vt

156 2943 305 3020 birunnun,
318 2955 347 3005 6ο
363 2951 444 3032 abbe.
457 2983 489 2990 -
501 2954 558 3006 Son
570 2951 661 3021 diugr.
676 2984 709 2991 -
723 2953 805 3006 Saint
817 2953 981 3023 Muuguiiir.
993 2985 1027 2992 -
1038 2953 1198 3008 Fundatiun

181 3044 207 3099 de
221 3047 326 3119 l'e'glise
342 3047 376 3102 de
392 3049 553 3103 Saint-Vast
568 3064 604 3102 en
622 3049 729 3102 Artnis.
745 3080 778 3087 -
796 3049 912 3103 Ebruin.
930 3080 964 3088 —
979 3048 1198 3118 Churlemugne.

181 3172 206 3181 -
221 3130 428 3215 L'urchevdti'ue
444 3145 562 3218 Turpin.

187 3321 267 3402 (i'uir
284 3323 443 3409 Hariulse,
462 3323 540 3392 liure
555 3324 709 3414 premier,
733 3323 881 3413 ebapitre
898 3323 1004 3410 XXV.)

1053 3423 1057 3430 ι

185 3464 432 3553 Sturnonmnus,
442 3479 549 3537 sextus
565 3469 663 3537 abbas
676 3468 774 3557 hujus
788 3468 945 3552 eeclesiae,
959 3467 1020 3534 suit
1034 3467 1082 3534 vir
1095 3477 1201 3535 castus

152 3590 175 3648 et
193 3583 270 3654 bene
293 3586 442 3654 samatus.
470 3585 539 3665 Qua
560 3586 600 3654 de
629 3607 727 3654 eausa
753 3586 866 3653 beatus
898 3583 1142 3672 blagdeigusiius
1168 3583 1201 3648 in

172 3807 203 3870 (Ι)
219 3808 254 3860 Le
268 3822 318 3860 ms.
340 3808 374 3860 de
394 3807 492 3860 Beluae
511 3809 601 3859 donne
619 3811 826 3874 mutunentmu
847 3808 883 3858 La
903 3808 979 3871 copie
997 3806 1030 3857 de
1051 3805 1117 3856 Dum
1137 3804 1188 3854 Gru

147 3896 197 3947 uier
209 3902 249 3949 est
261 3898 443 3950 evidemment
456 3900 482 3950 lu
498 3899 598 3950 bonne.

173 3986 205 4048 '‘t)
220 3987 292 4039 Nous
307 4000 442 4041 revenons
456 3988 638 4040 evidemment
651 3989 719 4039 dans
733 4001 779 4039 ces
793 3992 864 4038 muts
880 3986 895 4038 a
911 3985 1027 4038 Alderie.

1081 4088 1095 4139 2
