2708 4854
706 438 751 449 —
774 398 838 467 ile
861 437 907 448 -

272 558 382 627 fideles
406 580 480 626 eam
505 558 700 648 imperatore
722 558 883 628 Conrado.
911 557 997 626 Nihil
1022 568 1132 626 tamen
1157 568 1214 627 ant
1234 578 1322 647 paum

271 674 386 743 lucrati
413 686 500 759 sum,
524 675 601 764 qnia
623 696 760 762 magnus
777 672 1052 765 eleemosynarius
1070 674 1133 742 iuit
1155 674 1216 743 iste
1232 695 1282 741 rex
1297 685 1322 741 et

272 795 416 883 regnarit
431 795 564 885 pacifice
579 794 622 863 13
635 794 740 863 annis.

747 1101 856 1168 XXVII

269 1324 575 1394 1'2unnnurs,27⁰arbbo‚
593 1323 711 1380 d'abord
730 1323 802 1379 abbo
821 1324 856 1380 de
871 1322 1083 1396 Saint-Vaiery.
1100 1324 1173 1379 -11
1188 1337 1317 1396 gouveme

304 1426 320 1479 a
341 1425 555 1495 Saini-liiqaier
573 1440 609 1478 on
631 1427 710 1479 1113.
730 1455 764 1464 -
785 1424 807 1479 ll
826 1424 910 1480 truite
929 1439 999 1479 aveo
1017 1422 1155 1480 labbe-et
1169 1423 1196 1479 lo
1210 1426 1319 1480 convent

304 1525 339 1579 do
356 1524 495 1579 i'alloiros
510 1524 646 1595 apropos
662 1523 697 1577 de
711 1525 864 1592 Mesoutre,
884 1538 953 1578 aveo
971 1520 1064 1577 l'abbe
1079 1527 1109 1579 et
1121 1522 1149 1579 le
1161 1520 1318 1580 conventio

306 1623 480 1677 Sirim-losse
495 1622 510 1675 ri
524 1637 631 1693 propos
647 1621 686 1675 du
699 1621 845 1693 Quosnoy.
864 1653 897 1662 —
911 1621 934 1676 ll
947 1637 982 1677 va
996 1637 1032 1676 en
1049 1620 1215 1694 pelorinage
1228 1622 1320 1676 alera·

304 1718 403 1787 sairm‚
420 1724 448 1773 rt
462 1720 479 1772 ai
494 1734 547 1772 son
564 1721 673 1785 remur,
689 1718 736 1772 elu
752 1720 861 1788 ovoque
877 1717 911 1773 de
927 1718 1078 1773 Bellienum
1088 1716 1135 1789 [1],
1150 1718 1173 1775 il
1188 1719 1286 1791 depose
1297 1716 1318 1772 le

304 1820 535 1886 gourornemorrt
550 1814 583 1869 do
600 1819 674 1869 certo
690 1814 789 1885 eglise.

313 2015 427 2106 (i'oyoa
446 2015 524 2084 Dom
543 2014 661 2083 Corron
677 2017 695 2083 :i
710 2014 835 2082 l'annee
854 2013 969 2103 1111.)

311 2180 519 2245 Gumnrmrs
531 2177 592 2245 suit
605 2176 778 2263 vigesimus
790 2174 1055 2265 septimusahbas
1066 2173 1166 2264 hujus
1181 2171 1321 2243 eoenobii.

268 2291 329 2359 iste
356 2291 418 2358 suit
440 2292 545 2382 primo
565 2292 664 2360 abhas
690 2291 797 2359 Sancti
817 2289 1206 2379 vualarici-super-Mare,
1232 2300 1264 2357 et
1281 2308 1324 2355 re·

267 2410 361 2495 gebat
374 2409 557 2476 emnolrium
571 2408 657 2476 istud
672 2429 756 2476 anno
771 2406 1074 2495 1113011111ψονο
1090 2404 1211 2474 sancti¹
1228 2404 1326 2473 Ludo

267 2523 326 2590 rici
347 2524 423 2591 diori
439 2525 467 2590 le
486 2525 603 2591 Pieria.
623 2524 685 2591 Iste
706 2521 887 2613 composuit
905 2543 980 2590 cum
995 2521 1112 2590 abbate
1126 2531 1160 2589 et
1175 2531 1328 2590 conventa

266 2640 306 2707 de
327 2640 498 2723 Balaneiis,
520 2640 645 2727 vulgare
669 2640 709 2707 de
733 2639 901 2722 Valloires,
919 2657 1018 2728 super
1037 2658 1167 2707 censam
1187 2637 1229 2707 de
1245 2638 1328 2706 Mon·

267 2757 404 2841 lisuino,
421 2758 576 2824 Murmure
590 2779 602 2837 ,·
623 2768 654 2824 et
667 2778 765 2847 super
781 2777 879 2845 quam
898 2753 1047 2845 piurimis
1057 2753 1221 2843 ¹artimrlis,
1241 2755 1328 2836 Item,

266 2872 448 2962 composuit
460 2894 533 2940 eum
546 2873 662 2940 abbate
675 2884 706 2941 et
719 2883 876 2945 conventu
890 2870 993 2940 saneti
1006 2870 1123 2940 Judoci
1137 2870 1170 2939 in
1182 2871 1329 2954 Nemore,

265 2990 358 3058 aliter
369 2989 409 3057 de
422 2991 643 3073 Dour-marrire,
659 2987 976 3058 Prmmonstralensis
988 2986 1125 3072 ordinis,
1140 2986 1228 3057 sicut
1239 2986 1332 3057 latius

265 3116 352 3196 paror
375 3106 408 3173 in
434 3128 515 3176 noro
539 3105 717 3196 repertorio
743 3127 839 3174 censa
863 3127 922 3174 sua
949 3080 1198 3193 du'Quesuoy2
1221 3114 1254 3173 et
1277 3124 1333 3195 per

266 3233 369 3291 carias
389 3245 464 3291 suas
479 3234 510 3292 er
528 3224 599 3292 aliis
620 3224 687 3292 suis
712 3222 809 3312 gestis
830 3244 934 3313 pauca
958 3221 1181 3312 reperiuntur,
1200 3212 1332 3313 exceplo

265 3340 351 3429 quod
369 3340 430 3408 sair
450 3340 641 3429 peregrinus
662 3340 696 3407 in
718 3340 909 3423 Jerusalem,
932 3348 963 3406 er
983 3337 1019 3405 in
1043 3357 1193 3425 regressu
1214 3338 1334 3407 electus

266 3468 312 3525 est
336 3457 506 3547 episeopus
531 3458 571 3525 de
594 3457 784 3525 Bellinaux3
813 3466 844 3524 er
870 3477 903 3524 se
929 3452 1110 3545 deportavit
1132 3453 1333 3543 a‘regimine

264 3575 417 3664 pastorali
437 3573 534 3662 hujus
556 3574 711 3643 ecelesiae.
734 3573 828 3641 Prius
853 3571 1036 3662 composuit
1060 3592 1136 3640 eum
1163 3570 1284 3641 abbate
1304 3580 1334 3640 et

294 3791 327 3854 (1)
343 3788 413 3842 Diali
426 3791 494 3841 dans
509 3789 535 3841 la
549 3790 625 3856 copie
640 3790 673 3841 de
688 3788 754 3839 Dona
770 3788 893 3851 Grenier,
904 3801 934 3839 ce
949 3786 996 3854 qui
1009 3786 1067 3839 doit
1080 3786 1138 3838 etro
1153 3784 1179 3839 ie
1192 3786 1252 3840 urai
1267 3789 1332 3839 mot.

293 3881 327 3944 (1)
342 3881 381 3931 Ioi
397 3894 450 3931 une
463 3880 607 3932 obscurite.

293 3970 327 4033 (3)
344 3968 486 4020 Bellinaux
503 3964 533 4033 (1]
550 3972 592 4020 est
606 3967 670 4020 bien
686 3967 716 4018 lu
730 3968 799 4019 dans
812 3967 854 4019 los
869 3967 941 4018 deux
955 3966 1053 4033 copies.
