<?xml version="1.0" encoding="UTF-8"?>
<!DOCTYPE html PUBLIC "-//W3C//DTD XHTML 1.0 Transitional//EN"
    "http://www.w3.org/TR/xhtml1/DTD/xhtml1-transitional.dtd">
<html xmlns="http://www.w3.org/1999/xhtml" xml:lang="en" lang="en">
 <head>
  <title>
</title>
<meta http-equiv="Content-Type" content="text/html;charset=utf-8" />
  <meta name='ocr-system' content='tesseract 3.04.00' />
  <meta name='ocr-capabilities' content='ocr_page ocr_carea ocr_par ocr_line ocrx_word'/>
</head>
<body>
  <div class='ocr_page' id='page_1' title='image "./cronicaabbrevia00joangoog_0134.png"; bbox 0 0 2708 4854; ppageno 0'>
   <div class='ocr_carea' id='block_1_1' title="bbox 595 951 606 1005">
    <p class='ocr_par' dir='ltr' id='par_1_1' title="bbox 595 951 606 1005">
     <span class='ocr_line' id='line_1_1' title="bbox 595 951 606 1005; baseline 0 0"><span class='ocrx_word' id='word_1_1' title='bbox 595 951 606 1005; x_wconf 93' lang='lat' dir='ltr'>l</span> 
     </span>
    </p>
   </div>
   <div class='ocr_carea' id='block_1_2' title="bbox 64 1137 1135 1602">
    <p class='ocr_par' dir='ltr' id='par_1_2' title="bbox 64 1137 1135 1602">
     <span class='ocr_line' id='line_1_2' title="bbox 64 1137 1134 1212; baseline -0.005 -16"><span class='ocrx_word' id='word_1_2' title='bbox 64 1143 190 1196; x_wconf 67' lang='lat' dir='ltr'>nuscum</span> <span class='ocrx_word' id='word_1_3' title='bbox 206 1157 237 1196; x_wconf 80' lang='lat' dir='ltr'>ne</span> <span class='ocrx_word' id='word_1_4' title='bbox 253 1143 397 1210; x_wconf 73' lang='lat' dir='ltr'>Surenam,</span> <span class='ocrx_word' id='word_1_5' title='bbox 411 1144 458 1195; x_wconf 76' lang='lat'>25⁰</span> <span class='ocrx_word' id='word_1_6' title='bbox 471 1141 553 1210; x_wconf 76' lang='lat' dir='ltr'>abbo,</span> <span class='ocrx_word' id='word_1_7' title='bbox 567 1141 615 1196; x_wconf 79' lang='lat' dir='ltr'>elu</span> <span class='ocrx_word' id='word_1_8' title='bbox 630 1157 666 1195; x_wconf 90' lang='lat' dir='ltr'>en</span> <span class='ocrx_word' id='word_1_9' title='bbox 684 1143 805 1196; x_wconf 71' lang='lat' dir='ltr'>toan-</span> <span class='ocrx_word' id='word_1_10' title='bbox 816 1139 838 1194; x_wconf 92' lang='lat' dir='ltr'>ll</span> <span class='ocrx_word' id='word_1_11' title='bbox 853 1137 1004 1212; x_wconf 76' lang='lat' dir='ltr'>repareles</span> <span class='ocrx_word' id='word_1_12' title='bbox 1015 1137 1134 1194; x_wconf 80' lang='lat' dir='ltr'>chasses</span> 
     </span>
     <span class='ocr_line' id='line_1_3' title="bbox 101 1236 1135 1312; baseline -0.002 -18"><span class='ocrx_word' id='word_1_13' title='bbox 101 1238 136 1294; x_wconf 89' lang='lat' dir='ltr'>de</span> <span class='ocrx_word' id='word_1_14' title='bbox 150 1238 271 1310; x_wconf 76' lang='lat' dir='ltr'>l&#39;eglise.</span> <span class='ocrx_word' id='word_1_15' title='bbox 287 1271 321 1278; x_wconf 93' lang='lat'>-</span> <span class='ocrx_word' id='word_1_16' title='bbox 337 1242 484 1294; x_wconf 85' lang='lat' dir='ltr'>Recouvre</span> <span class='ocrx_word' id='word_1_17' title='bbox 499 1239 542 1294; x_wconf 88' lang='lat' dir='ltr'>les</span> <span class='ocrx_word' id='word_1_18' title='bbox 555 1239 709 1312; x_wconf 77' lang='lat' dir='ltr'>privileges</span> <span class='ocrx_word' id='word_1_19' title='bbox 725 1244 753 1294; x_wconf 87' lang='lat' dir='ltr'>et</span> <span class='ocrx_word' id='word_1_20' title='bbox 768 1239 883 1295; x_wconf 85' lang='lat' dir='ltr'>charles</span> <span class='ocrx_word' id='word_1_21' title='bbox 898 1238 933 1293; x_wconf 87' lang='lat' dir='ltr'>de</span> <span class='ocrx_word' id='word_1_22' title='bbox 946 1236 1085 1310; x_wconf 85' lang='lat' dir='ltr'>l&#39;abbaye.</span> <span class='ocrx_word' id='word_1_23' title='bbox 1101 1267 1135 1276; x_wconf 84' lang='lat'>—</span> 
     </span>
     <span class='ocr_line' id='line_1_4' title="bbox 101 1318 1133 1408; baseline -0.004 -15"><span class='ocrx_word' id='word_1_24' title='bbox 101 1339 154 1393; x_wconf 87' lang='lat' dir='ltr'>Les</span> <span class='ocrx_word' id='word_1_25' title='bbox 165 1337 291 1408; x_wconf 79' lang='lat' dir='ltr'><strong>reliques</strong></span> <span class='ocrx_word' id='word_1_26' title='bbox 301 1336 336 1391; x_wconf 89' lang='lat' dir='ltr'>de</span> <span class='ocrx_word' id='word_1_27' title='bbox 348 1318 596 1408; x_wconf 81' lang='lat' dir='ltr'>saintlltauguilie,</span> <span class='ocrx_word' id='word_1_28' title='bbox 609 1337 660 1393; x_wconf 89' lang='lat' dir='ltr'>des</span> <span class='ocrx_word' id='word_1_29' title='bbox 676 1337 786 1392; x_wconf 79' lang='lat' dir='ltr'>saintes</span> <span class='ocrx_word' id='word_1_30' title='bbox 795 1335 913 1391; x_wconf 84' lang='lat' dir='ltr'>Elenaro</span> <span class='ocrx_word' id='word_1_31' title='bbox 926 1341 954 1392; x_wconf 87' lang='lat' dir='ltr'>et</span> <span class='ocrx_word' id='word_1_32' title='bbox 967 1335 1133 1408; x_wconf 87' lang='lat' dir='ltr'>Sponsarie,</span> 
     </span>
     <span class='ocr_line' id='line_1_5' title="bbox 100 1433 1135 1507; baseline -0.003 -16"><span class='ocrx_word' id='word_1_33' title='bbox 100 1436 214 1506; x_wconf 82' lang='lat' dir='ltr'>vierges</span> <span class='ocrx_word' id='word_1_34' title='bbox 228 1439 380 1506; x_wconf 65' lang='lat' dir='ltr'>martyres</span> <span class='ocrx_word' id='word_1_35' title='bbox 397 1434 431 1490; x_wconf 90' lang='lat' dir='ltr'>de</span> <span class='ocrx_word' id='word_1_36' title='bbox 445 1435 523 1490; x_wconf 80' lang='lat' dir='ltr'>saint</span> <span class='ocrx_word' id='word_1_37' title='bbox 539 1436 687 1507; x_wconf 85' lang='lat' dir='ltr'>Lupicius.</span> <span class='ocrx_word' id='word_1_38' title='bbox 701 1466 732 1476; x_wconf 92' lang='lat'>—</span> <span class='ocrx_word' id='word_1_39' title='bbox 745 1434 877 1489; x_wconf 82' lang='lat' dir='ltr'>Anseher</span> <span class='ocrx_word' id='word_1_40' title='bbox 891 1438 935 1488; x_wconf 88' lang='lat' dir='ltr'>est</span> <span class='ocrx_word' id='word_1_41' title='bbox 950 1433 1049 1506; x_wconf 76' lang='lat' dir='ltr'>appele</span> <span class='ocrx_word' id='word_1_42' title='bbox 1062 1433 1135 1489; x_wconf 86' lang='lat' dir='ltr'>dans</span> 
     </span>
     <span class='ocr_line' id='line_1_6' title="bbox 100 1528 1135 1602; baseline -0.004 -14"><span class='ocrx_word' id='word_1_43' title='bbox 100 1532 127 1587; x_wconf 89' lang='lat' dir='ltr'>le</span> <span class='ocrx_word' id='word_1_44' title='bbox 142 1530 254 1588; x_wconf 89' lang='lat' dir='ltr'>conseil</span> <span class='ocrx_word' id='word_1_45' title='bbox 269 1530 304 1585; x_wconf 90' lang='lat' dir='ltr'>de</span> <span class='ocrx_word' id='word_1_46' title='bbox 319 1531 595 1602; x_wconf 71' lang='lat' dir='ltr'>ungues-taurana,</span> <span class='ocrx_word' id='word_1_47' title='bbox 618 1531 669 1587; x_wconf 87' lang='lat' dir='ltr'>des</span> <span class='ocrx_word' id='word_1_48' title='bbox 688 1535 800 1586; x_wconf 77' lang='lat' dir='ltr'>comtes</span> <span class='ocrx_word' id='word_1_49' title='bbox 815 1529 922 1585; x_wconf 85' lang='lat' dir='ltr'>llobert</span> <span class='ocrx_word' id='word_1_50' title='bbox 937 1529 972 1585; x_wconf 88' lang='lat' dir='ltr'>de</span> <span class='ocrx_word' id='word_1_51' title='bbox 986 1528 1135 1599; x_wconf 75' lang='lat' dir='ltr'>l&#39;landres,</span> 
     </span>
    </p>
   </div>
   <div class='ocr_carea' id='block_1_3' title="bbox 100 1625 1137 1796">
    <p class='ocr_par' dir='ltr' id='par_1_3' title="bbox 100 1625 1137 1796">
     <span class='ocr_line' id='line_1_7' title="bbox 100 1625 1137 1702; baseline -0.003 -17"><span class='ocrx_word' id='word_1_52' title='bbox 100 1628 254 1702; x_wconf 86' lang='lat' dir='ltr'>Raymond</span> <span class='ocrx_word' id='word_1_53' title='bbox 267 1628 302 1684; x_wconf 90' lang='lat' dir='ltr'>de</span> <span class='ocrx_word' id='word_1_54' title='bbox 316 1628 472 1699; x_wconf 87' lang='lat' dir='ltr'>Toulouse,</span> <span class='ocrx_word' id='word_1_55' title='bbox 490 1629 540 1684; x_wconf 89' lang='lat' dir='ltr'>des</span> <span class='ocrx_word' id='word_1_56' title='bbox 554 1630 626 1686; x_wconf 89' lang='lat' dir='ltr'>ducs</span> <span class='ocrx_word' id='word_1_57' title='bbox 642 1628 794 1701; x_wconf 74' lang='lat' dir='ltr'>llaymond</span> <span class='ocrx_word' id='word_1_58' title='bbox 810 1628 845 1684; x_wconf 88' lang='lat' dir='ltr'>de</span> <span class='ocrx_word' id='word_1_59' title='bbox 859 1627 979 1698; x_wconf 90' lang='lat' dir='ltr'>Pouille,</span> <span class='ocrx_word' id='word_1_60' title='bbox 994 1625 1137 1700; x_wconf 82' lang='lat' dir='ltr'>Godetroy</span> 
     </span>
     <span class='ocr_line' id='line_1_8' title="bbox 100 1725 654 1796; baseline 0 -14"><span class='ocrx_word' id='word_1_61' title='bbox 100 1726 135 1782; x_wconf 88' lang='lat' dir='ltr'>de</span> <span class='ocrx_word' id='word_1_62' title='bbox 152 1725 298 1795; x_wconf 86' lang='lat' dir='ltr'>Bouillon‚</span> <span class='ocrx_word' id='word_1_63' title='bbox 316 1725 411 1781; x_wconf 88' lang='lat' dir='ltr'>Pierre</span> <span class='ocrx_word' id='word_1_64' title='bbox 425 1725 585 1796; x_wconf 86' lang='lat' dir='ltr'>l&#39;llermite‚</span> <span class='ocrx_word' id='word_1_65' title='bbox 599 1733 654 1782; x_wconf 88' lang='lat' dir='ltr'>etc.</span> 
     </span>
    </p>
   </div>
   <div class='ocr_carea' id='block_1_4' title="bbox 63 1894 1136 2111">
    <p class='ocr_par' dir='ltr' id='par_1_4' title="bbox 63 1894 1136 2111">
     <span class='ocr_line' id='line_1_9' title="bbox 111 1894 1136 1996; baseline 0 -24"><span class='ocrx_word' id='word_1_66' title='bbox 111 1906 226 1996; x_wconf 74' lang='lat' dir='ltr'>(layez</span> <span class='ocrx_word' id='word_1_67' title='bbox 240 1905 320 1973; x_wconf 88' lang='lat' dir='ltr'>Dom</span> <span class='ocrx_word' id='word_1_68' title='bbox 341 1903 470 1988; x_wconf 79' lang='lat' dir='ltr'>Cotton,</span> <span class='ocrx_word' id='word_1_69' title='bbox 491 1904 715 1972; x_wconf 81' lang='lat' dir='ltr'>contitutution-</span> <span class='ocrx_word' id='word_1_70' title='bbox 733 1894 771 1971; x_wconf 59' lang='grc' dir='ltr'>ἅθ’</span> <span class='ocrx_word' id='word_1_71' title='bbox 788 1905 821 1972; x_wconf 89' lang='lat' dir='ltr'>lu</span> <span class='ocrx_word' id='word_1_72' title='bbox 841 1903 1015 1993; x_wconf 77' lang='lat' dir='ltr'>clnouique</span> <span class='ocrx_word' id='word_1_73' title='bbox 1031 1904 1136 1974; x_wconf 87' lang='lat' dir='ltr'>d&#39;Ho-</span> 
     </span>
     <span class='ocr_line' id='line_1_10' title="bbox 63 2021 487 2111; baseline -0.002 -21"><span class='ocrx_word' id='word_1_74' title='bbox 63 2023 177 2111; x_wconf 74' lang='lat' dir='ltr'>riulfe,</span> <span class='ocrx_word' id='word_1_75' title='bbox 195 2025 214 2091; x_wconf 75' lang='lat' dir='ltr'>ai</span> <span class='ocrx_word' id='word_1_76' title='bbox 229 2023 355 2091; x_wconf 76' lang='lat' dir='ltr'>l’annee</span> <span class='ocrx_word' id='word_1_77' title='bbox 371 2021 487 2111; x_wconf 75' lang='lat' dir='ltr'>tuot.)</span> 
     </span>
    </p>
   </div>
   <div class='ocr_carea' id='block_1_5' title="bbox 62 2173 1134 2395">
    <p class='ocr_par' dir='ltr' id='par_1_5' title="bbox 62 2173 1134 2395">
     <span class='ocr_line' id='line_1_11' title="bbox 108 2173 1133 2245; baseline -0.001 -2"><span class='ocrx_word' id='word_1_78' title='bbox 108 2177 284 2245; x_wconf 76' lang='lat' dir='ltr'>tacitanus</span> <span class='ocrx_word' id='word_1_79' title='bbox 309 2174 512 2244; x_wconf 82' lang='lat' dir='ltr'>Sumonarus</span> <span class='ocrx_word' id='word_1_80' title='bbox 536 2173 622 2243; x_wconf 86' lang='lat' dir='ltr'>filius</span> <span class='ocrx_word' id='word_1_81' title='bbox 647 2175 772 2243; x_wconf 90' lang='lat' dir='ltr'>domini</span> <span class='ocrx_word' id='word_1_82' title='bbox 803 2174 922 2244; x_wconf 86' lang='lat' dir='ltr'>Galteri</span> <span class='ocrx_word' id='word_1_83' title='bbox 946 2176 974 2243; x_wconf 86' lang='lat' dir='ltr'>le</span> <span class='ocrx_word' id='word_1_84' title='bbox 1000 2176 1133 2244; x_wconf 80' lang='lat' dir='ltr'>Sertiore</span> 
     </span>
     <span class='ocr_line' id='line_1_12' title="bbox 62 2289 1134 2395; baseline -0.002 -35"><span class='ocrx_word' id='word_1_85' title='bbox 62 2291 188 2360; x_wconf 89' lang='lat' dir='ltr'>domini</span> <span class='ocrx_word' id='word_1_86' title='bbox 209 2290 249 2358; x_wconf 88' lang='lat' dir='ltr'>de</span> <span class='ocrx_word' id='word_1_87' title='bbox 269 2290 435 2358; x_wconf 81' lang='lat' dir='ltr'>Firmitate</span> <span class='ocrx_word' id='word_1_88' title='bbox 453 2289 545 2379; x_wconf 86' lang='lat' dir='ltr'>juxta</span> <span class='ocrx_word' id='word_1_89' title='bbox 568 2289 721 2358; x_wconf 86' lang='lat' dir='ltr'>Sanctum</span> <span class='ocrx_word' id='word_1_90' title='bbox 742 2290 943 2395; x_wconf 67' lang='lat' dir='ltr'>tlichanum,</span> <span class='ocrx_word' id='word_1_91' title='bbox 964 2292 1134 2380; x_wconf 78' lang='lat' dir='ltr'>vulgariter</span> 
     </span>
    </p>
   </div>
   <div class='ocr_carea' id='block_1_6' title="bbox 60 2406 1137 3777">
    <p class='ocr_par' dir='ltr' id='par_1_6' title="bbox 60 2406 1137 3076">
     <span class='ocr_line' id='line_1_13' title="bbox 61 2406 1135 2497; baseline 0.004 -22"><span class='ocrx_word' id='word_1_92' title='bbox 61 2409 95 2475; x_wconf 84' lang='lat' dir='ltr'>lu</span> <span class='ocrx_word' id='word_1_93' title='bbox 112 2409 216 2486; x_wconf 81' lang='lat' dir='ltr'>Ferte&#39;,</span> <span class='ocrx_word' id='word_1_94' title='bbox 231 2406 342 2476; x_wconf 90' lang='lat' dir='ltr'>militis</span> <span class='ocrx_word' id='word_1_95' title='bbox 357 2417 388 2474; x_wconf 84' lang='lat' dir='ltr'>et</span> <span class='ocrx_word' id='word_1_96' title='bbox 406 2406 523 2474; x_wconf 85' lang='lat' dir='ltr'>nobilis</span> <span class='ocrx_word' id='word_1_97' title='bbox 537 2406 716 2496; x_wconf 81' lang='lat' dir='ltr'>progeniei,</span> <span class='ocrx_word' id='word_1_98' title='bbox 736 2406 797 2475; x_wconf 83' lang='lat' dir='ltr'>suit</span> <span class='ocrx_word' id='word_1_99' title='bbox 813 2406 988 2496; x_wconf 84' lang='lat' dir='ltr'>vigesimus</span> <span class='ocrx_word' id='word_1_100' title='bbox 1000 2408 1135 2497; x_wconf 88' lang='lat' dir='ltr'>quintus</span> 
     </span>
     <span class='ocr_line' id='line_1_14' title="bbox 61 2521 1137 2614; baseline 0 -22"><span class='ocrx_word' id='word_1_101' title='bbox 61 2523 163 2592; x_wconf 86' lang='lat' dir='ltr'>abhas</span> <span class='ocrx_word' id='word_1_102' title='bbox 186 2521 284 2610; x_wconf 90' lang='lat' dir='ltr'>hujus</span> <span class='ocrx_word' id='word_1_103' title='bbox 304 2522 444 2590; x_wconf 88' lang='lat' dir='ltr'>coenobii</span> <span class='ocrx_word' id='word_1_104' title='bbox 465 2522 678 2591; x_wconf 67' lang='lat' dir='ltr'>centulensis.</span> <span class='ocrx_word' id='word_1_105' title='bbox 697 2522 836 2592; x_wconf 89' lang='lat' dir='ltr'>Vestitus</span> <span class='ocrx_word' id='word_1_106' title='bbox 853 2534 886 2593; x_wconf 90' lang='lat' dir='ltr'>et</span> <span class='ocrx_word' id='word_1_107' title='bbox 904 2535 1052 2614; x_wconf 85' lang='lat' dir='ltr'>receptus</span> <span class='ocrx_word' id='word_1_108' title='bbox 1077 2546 1137 2613; x_wconf 86' lang='lat' dir='ltr'>per</span> 
     </span>
     <span class='ocr_line' id='line_1_15' title="bbox 60 2637 1136 2732; baseline 0 -25"><span class='ocrx_word' id='word_1_109' title='bbox 60 2639 234 2732; x_wconf 74' lang='lat' dir='ltr'>prelatum</span> <span class='ocrx_word' id='word_1_110' title='bbox 258 2637 438 2706; x_wconf 87' lang='lat' dir='ltr'>secundum</span> <span class='ocrx_word' id='word_1_111' title='bbox 462 2637 649 2722; x_wconf 80' lang='lat' dir='ltr'>Geminum,</span> <span class='ocrx_word' id='word_1_112' title='bbox 676 2660 751 2706; x_wconf 88' lang='lat' dir='ltr'>cum</span> <span class='ocrx_word' id='word_1_113' title='bbox 775 2639 940 2730; x_wconf 80' lang='lat' dir='ltr'>Arnolpho</span> <span class='ocrx_word' id='word_1_114' title='bbox 959 2640 1075 2710; x_wconf 85' lang='lat' dir='ltr'>abbate</span> <span class='ocrx_word' id='word_1_115' title='bbox 1094 2640 1136 2708; x_wconf 92' lang='lat' dir='ltr'>de</span> 
     </span>
     <span class='ocr_line' id='line_1_16' title="bbox 64 2753 1134 2846; baseline -0.001 -20"><span class='ocrx_word' id='word_1_116' title='bbox 64 2755 283 2826; x_wconf 81' lang='lat' dir='ltr'>Oudembourl</span> <span class='ocrx_word' id='word_1_117' title='bbox 305 2753 399 2822; x_wconf 89' lang='lat' dir='ltr'>tertio</span> <span class='ocrx_word' id='word_1_118' title='bbox 423 2754 456 2821; x_wconf 93' lang='lat' dir='ltr'>in</span> <span class='ocrx_word' id='word_1_119' title='bbox 477 2753 641 2839; x_wconf 84' lang='lat' dir='ltr'>Flandria,</span> <span class='ocrx_word' id='word_1_120' title='bbox 667 2754 729 2823; x_wconf 89' lang='lat' dir='ltr'>suit</span> <span class='ocrx_word' id='word_1_121' title='bbox 747 2756 869 2824; x_wconf 85' lang='lat' dir='ltr'>electus</span> <span class='ocrx_word' id='word_1_122' title='bbox 893 2754 926 2823; x_wconf 94' lang='lat' dir='ltr'>in</span> <span class='ocrx_word' id='word_1_123' title='bbox 953 2755 1134 2846; x_wconf 86' lang='lat' dir='ltr'>privatione</span> 
     </span>
     <span class='ocr_line' id='line_1_17' title="bbox 61 2868 1136 2959; baseline 0.003 -20"><span class='ocrx_word' id='word_1_124' title='bbox 61 2869 291 2955; x_wconf 84' lang='lat' dir='ltr'>dietiGervini,</span> <span class='ocrx_word' id='word_1_125' title='bbox 304 2890 391 2937; x_wconf 87' lang='lat' dir='ltr'>anno</span> <span class='ocrx_word' id='word_1_126' title='bbox 403 2868 531 2939; x_wconf 88' lang='lat' dir='ltr'>Domini</span> <span class='ocrx_word' id='word_1_127' title='bbox 544 2869 659 2953; x_wconf 87' lang='lat' dir='ltr'>lll97⁰‚</span> <span class='ocrx_word' id='word_1_128' title='bbox 671 2882 825 2959; x_wconf 78' lang='lat' dir='ltr'>regnante</span> <span class='ocrx_word' id='word_1_129' title='bbox 842 2872 1136 2943; x_wconf 86' lang='lat' dir='ltr'>LudovicoGrosso</span> 
     </span>
     <span class='ocr_line' id='line_1_18' title="bbox 63 2986 872 3076; baseline 0.001 -20"><span class='ocrx_word' id='word_1_130' title='bbox 63 3009 139 3076; x_wconf 82' lang='lat' dir='ltr'>rege</span> <span class='ocrx_word' id='word_1_131' title='bbox 160 2988 373 3072; x_wconf 80' lang='lat' dir='ltr'>Francorum,</span> <span class='ocrx_word' id='word_1_132' title='bbox 390 2998 422 3055; x_wconf 85' lang='lat' dir='ltr'>et</span> <span class='ocrx_word' id='word_1_133' title='bbox 435 2986 582 3056; x_wconf 78' lang='lat' dir='ltr'>(luidone</span> <span class='ocrx_word' id='word_1_134' title='bbox 599 2987 716 3055; x_wconf 86' lang='lat' dir='ltr'>comite</span> <span class='ocrx_word' id='word_1_135' title='bbox 735 2988 872 3058; x_wconf 86' lang='lat' dir='ltr'>Pontivi.</span> 
     </span>
    </p>

    <p class='ocr_par' dir='ltr' id='par_1_7' title="bbox 64 3102 1136 3777">
     <span class='ocr_line' id='line_1_19' title="bbox 111 3102 1136 3192; baseline 0.002 -19"><span class='ocrx_word' id='word_1_136' title='bbox 111 3106 170 3174; x_wconf 89' lang='lat' dir='ltr'>lste</span> <span class='ocrx_word' id='word_1_137' title='bbox 190 3105 369 3188; x_wconf 78' lang='lat' dir='ltr'>Anchems,</span> <span class='ocrx_word' id='word_1_138' title='bbox 392 3103 424 3171; x_wconf 92' lang='lat' dir='ltr'>in</span> <span class='ocrx_word' id='word_1_139' title='bbox 441 3124 526 3171; x_wconf 86' lang='lat' dir='ltr'>anno</span> <span class='ocrx_word' id='word_1_140' title='bbox 543 3102 601 3171; x_wconf 78' lang='lat' dir='ltr'>too</span> <span class='ocrx_word' id='word_1_141' title='bbox 618 3103 669 3171; x_wconf 90' lang='lat' dir='ltr'>sui</span> <span class='ocrx_word' id='word_1_142' title='bbox 686 3103 866 3192; x_wconf 81' lang='lat' dir='ltr'>regiminis,</span> <span class='ocrx_word' id='word_1_143' title='bbox 890 3103 1053 3174; x_wconf 84' lang='lat' dir='ltr'>renovarit</span> <span class='ocrx_word' id='word_1_144' title='bbox 1069 3127 1136 3175; x_wconf 92' lang='lat' dir='ltr'>om·</span> 
     </span>
     <span class='ocr_line' id='line_1_20' title="bbox 64 3220 1134 3314; baseline 0.002 -24"><span class='ocrx_word' id='word_1_145' title='bbox 64 3242 122 3290; x_wconf 85' lang='lat' dir='ltr'>nes</span> <span class='ocrx_word' id='word_1_146' title='bbox 150 3242 263 3312; x_wconf 86' lang='lat' dir='ltr'>capsas</span> <span class='ocrx_word' id='word_1_147' title='bbox 291 3232 322 3288; x_wconf 87' lang='lat' dir='ltr'>et</span> <span class='ocrx_word' id='word_1_148' title='bbox 351 3221 469 3289; x_wconf 82' lang='lat' dir='ltr'>feretra</span> <span class='ocrx_word' id='word_1_149' title='bbox 496 3220 606 3288; x_wconf 88' lang='lat' dir='ltr'>omnia</span> <span class='ocrx_word' id='word_1_150' title='bbox 635 3230 820 3289; x_wconf 83' lang='lat' dir='ltr'>sanctorum</span> <span class='ocrx_word' id='word_1_151' title='bbox 844 3230 875 3289; x_wconf 93' lang='lat' dir='ltr'>et</span> <span class='ocrx_word' id='word_1_152' title='bbox 902 3221 1058 3314; x_wconf 83' lang='lat' dir='ltr'>reliquias</span> <span class='ocrx_word' id='word_1_153' title='bbox 1081 3223 1134 3292; x_wconf 90' lang='lat' dir='ltr'>hic</span> 
     </span>
     <span class='ocr_line' id='line_1_21' title="bbox 64 3337 1132 3437; baseline 0.001 -30"><span class='ocrx_word' id='word_1_154' title='bbox 64 3337 267 3407; x_wconf 76' lang='lat' dir='ltr'>existentium</span> <span class='ocrx_word' id='word_1_155' title='bbox 281 3361 290 3420; x_wconf 92' lang='lat'>;</span> <span class='ocrx_word' id='word_1_156' title='bbox 305 3337 507 3428; x_wconf 87' lang='lat' dir='ltr'>recuperavit</span> <span class='ocrx_word' id='word_1_157' title='bbox 520 3337 688 3437; x_wconf 81' lang='lat' dir='ltr'>privilegia</span> <span class='ocrx_word' id='word_1_158' title='bbox 700 3347 733 3406; x_wconf 88' lang='lat' dir='ltr'>et</span> <span class='ocrx_word' id='word_1_159' title='bbox 745 3350 849 3407; x_wconf 89' lang='lat' dir='ltr'>cartas</span> <span class='ocrx_word' id='word_1_160' title='bbox 862 3338 961 3429; x_wconf 84' lang='lat' dir='ltr'>hujus</span> <span class='ocrx_word' id='word_1_161' title='bbox 976 3338 1132 3409; x_wconf 75' lang='lat' dir='ltr'>eeclesiae.</span> 
     </span>
     <span class='ocr_line' id='line_1_22' title="bbox 67 3452 1135 3545; baseline 0.003 -24"><span class='ocrx_word' id='word_1_162' title='bbox 67 3455 136 3545; x_wconf 86' lang='lat' dir='ltr'>lpse</span> <span class='ocrx_word' id='word_1_163' title='bbox 149 3453 248 3523; x_wconf 81' lang='lat' dir='ltr'>voluit</span> <span class='ocrx_word' id='word_1_164' title='bbox 263 3453 370 3522; x_wconf 84' lang='lat' dir='ltr'>ridere</span> <span class='ocrx_word' id='word_1_165' title='bbox 386 3464 418 3522; x_wconf 84' lang='lat' dir='ltr'>et</span> <span class='ocrx_word' id='word_1_166' title='bbox 430 3452 512 3521; x_wconf 86' lang='lat' dir='ltr'>scire</span> <span class='ocrx_word' id='word_1_167' title='bbox 528 3453 657 3522; x_wconf 84' lang='lat' dir='ltr'>realiter</span> <span class='ocrx_word' id='word_1_168' title='bbox 668 3453 777 3522; x_wconf 89' lang='lat' dir='ltr'>omnia</span> <span class='ocrx_word' id='word_1_169' title='bbox 792 3475 865 3544; x_wconf 83' lang='lat' dir='ltr'>quae</span> <span class='ocrx_word' id='word_1_170' title='bbox 884 3454 1135 3525; x_wconf 85' lang='lat' dir='ltr'>continebantur</span> 
     </span>
     <span class='ocr_line' id='line_1_23' title="bbox 68 3569 1136 3664; baseline 0.001 -26"><span class='ocrx_word' id='word_1_171' title='bbox 68 3571 99 3638; x_wconf 90' lang='lat' dir='ltr'>in</span> <span class='ocrx_word' id='word_1_172' title='bbox 115 3571 209 3640; x_wconf 87' lang='lat' dir='ltr'>dictis</span> <span class='ocrx_word' id='word_1_173' title='bbox 224 3570 342 3661; x_wconf 86' lang='lat' dir='ltr'>capsis,</span> <span class='ocrx_word' id='word_1_174' title='bbox 357 3582 389 3639; x_wconf 90' lang='lat' dir='ltr'>et</span> <span class='ocrx_word' id='word_1_175' title='bbox 402 3570 434 3638; x_wconf 93' lang='lat' dir='ltr'>in</span> <span class='ocrx_word' id='word_1_176' title='bbox 448 3592 512 3638; x_wconf 87' lang='lat' dir='ltr'>una</span> <span class='ocrx_word' id='word_1_177' title='bbox 532 3569 654 3639; x_wconf 87' lang='lat' dir='ltr'>invenit</span> <span class='ocrx_word' id='word_1_178' title='bbox 669 3593 767 3639; x_wconf 88' lang='lat' dir='ltr'>unam</span> <span class='ocrx_word' id='word_1_179' title='bbox 786 3571 933 3641; x_wconf 89' lang='lat' dir='ltr'>cedulam</span> <span class='ocrx_word' id='word_1_180' title='bbox 949 3574 958 3618; x_wconf 92' lang='lat'>¹</span> <span class='ocrx_word' id='word_1_181' title='bbox 975 3572 1022 3641; x_wconf 90' lang='lat' dir='ltr'>sic</span> <span class='ocrx_word' id='word_1_182' title='bbox 1035 3572 1136 3664; x_wconf 89' lang='lat' dir='ltr'>scrip-</span> 
     </span>
     <span class='ocr_line' id='line_1_24' title="bbox 69 3684 1132 3777; baseline 0.002 -24"><span class='ocrx_word' id='word_1_183' title='bbox 69 3697 154 3754; x_wconf 86' lang='lat' dir='ltr'>tam:</span> <span class='ocrx_word' id='word_1_184' title='bbox 176 3711 189 3752; x_wconf 79' lang='lat'><strong>«</strong></span> <span class='ocrx_word' id='word_1_185' title='bbox 215 3685 340 3775; x_wconf 69' lang='lat' dir='ltr'>Cornus</span> <span class='ocrx_word' id='word_1_186' title='bbox 361 3684 462 3753; x_wconf 86' lang='lat' dir='ltr'>saneti</span> <span class='ocrx_word' id='word_1_187' title='bbox 483 3684 711 3773; x_wconf 83' lang='lat' dir='ltr'>llagdegelsilii</span> <span class='ocrx_word' id='word_1_188' title='bbox 732 3686 952 3755; x_wconf 61' lang='lat' dir='ltr'>confessor-ist</span> <span class='ocrx_word' id='word_1_189' title='bbox 974 3685 1027 3755; x_wconf 89' lang='lat' dir='ltr'>hic</span> <span class='ocrx_word' id='word_1_190' title='bbox 1042 3686 1132 3777; x_wconf 89' lang='lat' dir='ltr'>posi·</span> 
     </span>
    </p>
   </div>
   <div class='ocr_carea' id='block_1_7' title="bbox 99 3890 1050 4048">
    <p class='ocr_par' dir='ltr' id='par_1_8' title="bbox 99 3890 1050 4048">
     <span class='ocr_line' id='line_1_25' title="bbox 99 3890 496 3956; baseline 0 -15"><span class='ocrx_word' id='word_1_191' title='bbox 99 3890 133 3953; x_wconf 88' lang='grc'>(1)</span> <span class='ocrx_word' id='word_1_192' title='bbox 147 3891 187 3942; x_wconf 78' lang='lat' dir='ltr'>En</span> <span class='ocrx_word' id='word_1_193' title='bbox 202 3891 348 3956; x_wconf 79' lang='lat' dir='ltr'>surchnrge</span> <span class='ocrx_word' id='word_1_194' title='bbox 363 3891 496 3944; x_wconf 78' lang='lat' dir='ltr'>sedulum.</span> 
     </span>
     <span class='ocr_line' id='line_1_26' title="bbox 102 3980 1050 4048; baseline 0.001 -18"><span class='ocrx_word' id='word_1_195' title='bbox 102 3980 134 4043; x_wconf 78' lang='lat' dir='ltr'>(l)</span> <span class='ocrx_word' id='word_1_196' title='bbox 148 3980 185 4032; x_wconf 87' lang='lat' dir='ltr'>tct</span> <span class='ocrx_word' id='word_1_197' title='bbox 201 3981 396 4046; x_wconf 84' lang='lat' dir='ltr'>transposition</span> <span class='ocrx_word' id='word_1_198' title='bbox 410 3981 531 4048; x_wconf 76' lang='lat' dir='ltr'>corrigce</span> <span class='ocrx_word' id='word_1_199' title='bbox 544 3981 648 4048; x_wconf 70' lang='lat' dir='ltr'>d&#39;apres</span> <span class='ocrx_word' id='word_1_200' title='bbox 662 3981 689 4034; x_wconf 84' lang='lat' dir='ltr'>la</span> <span class='ocrx_word' id='word_1_201' title='bbox 703 3982 780 4048; x_wconf 78' lang='lat' dir='ltr'>copie</span> <span class='ocrx_word' id='word_1_202' title='bbox 794 3981 828 4033; x_wconf 92' lang='lat' dir='ltr'>de</span> <span class='ocrx_word' id='word_1_203' title='bbox 845 3982 913 4034; x_wconf 86' lang='lat' dir='ltr'>Dum</span> <span class='ocrx_word' id='word_1_204' title='bbox 928 3982 1050 4034; x_wconf 86' lang='lat' dir='ltr'>Grenior.</span> 
     </span>
    </p>
   </div>
   <div class='ocr_carea' id='block_1_8' title="bbox 0 0 1360 4854">
    <p class='ocr_par' dir='ltr' id='par_1_9' title="bbox 0 0 1360 4854">
     <span class='ocr_line' id='line_1_27' title="bbox 0 0 1360 4854; baseline 0 0"><span class='ocrx_word' id='word_1_205' title='bbox 0 0 1360 4854; x_wconf 95' lang='lat' dir='ltr'> </span> 
     </span>
    </p>
   </div>
  </div>
 </body>
</html>
