2708 4854
507 423 665 492 ,3,

52 585 148 670 otae,
173 587 208 654 in
227 585 391 654 occisione
406 585 563 672 Augusti¹
585 606 669 653 anno
688 585 759 669 42⁰,
777 605 864 653 anno
879 595 987 652 autem
1008 591 1119 654 saora4

53 703 183 772 tissimae
204 702 277 792 ejus
297 702 496 770 intemeratae
510 703 623 770 matris
639 702 771 790 virginis
790 702 899 770 llariae
914 702 983 770 lle

96 819 380 888 Praetermittendo
401 840 498 888 eausa
516 819 681 888 brevitatis
707 818 926 910 apparitiones
949 819 1048 887 trium
1070 844 1121 889 re-

56 957 127 1024 gum
151 937 215 1005 tria
235 957 374 1016 munera
391 936 617 1021 deferentium,
637 937 753 1027 Jaspar
770 937 831 1004 fert
850 937 1027 1026 myrrham,
1045 939 1124 1006 Mel·

58 1054 147 1123 chior
165 1053 256 1138 thus,
275 1053 464 1121 Balllrazard
481 1075 611 1121 aurum.

99 1169 221 1237 Eadem
236 1188 334 1236 eausa
345 1168 509 1236 brevitatis
524 1178 597 1258 post
609 1166 778 1234 biennium
793 1189 847 1236 rex
864 1168 1008 1238 Herodes
1022 1169 1122 1238 inter-

60 1287 152 1355 licere
168 1286 244 1354 feeit
266 1285 454 1354 innoeentes
470 1286 630 1354 masculos
646 1285 679 1352 in
693 1285 806 1354 iudaea
822 1308 840 1353 a
859 1285 973 1354 binatu
991 1297 1022 1355 et
1037 1287 1121 1355 inira

61 1416 88 1472 et
100 1387 275 1494 apoo'rilice
291 1403 375 1471 duos
389 1402 538 1492 proprios
555 1401 637 1470 filios
652 1412 683 1469 et
697 1401 730 1468 in
747 1412 912 1491 posterum
933 1424 1008 1471 cum
1024 1425 1123 1493 parva

61 1519 211 1588 distantia
230 1519 311 1587 alios
329 1519 426 1587 etiam
445 1530 508 1586 tres
528 1517 678 1608 proprios
698 1512 794 1587 fflios.

102 1638 195 1703 llnno
211 1634 406 1703 duodecimo
420 1656 486 1703 suae
501 1635 603 1702 aetatis
616 1633 768 1703 dominus
781 1647 891 1704 noster
903 1637 997 1704 lesus
1011 1635 1126 1728 dispu-

63 1752 136 1820 tavit
160 1751 194 1819 in
222 1750 343 1841 templo
370 1773 443 1818 oum
469 1751 603 1834 ludaeis,
631 1750 715 1818 sieut
739 1752 897 1841 seriptum
927 1764 974 1821 est
1002 1738 1124 1842 (Lucae,

63 1870 231 1958 seeundo).

104 1985 237 2054 Decima
256 1983 394 2074 septima
413 1984 561 2053 calendas
582 1985 671 2069 maii,
691 1985 772 2053 feria
788 1984 832 2069 ἵν,
850 1987 927 2053 luna
944 1985 1005 2071 15·,
1021 1985 1127 2054 indic-

65 2103 150 2171 tione
165 2101 199 2168 lr‘
215 2112 247 2169 et
263 2099 329 2184 Μ’,
347 2099 559 2169 Octavianeus
580 2101 757 2191 imperator
777 2105 925 2171 mortuus
947 2115 1006 2188 est,
1026 2125 1127 2193 nepos

65 2231 169 2286 lamen
196 2216 275 2285 Julii
304 2215 452 2301 Caesaris,
475 2200 614 2304 regentis
642 2217 816 2308 imperium
847 2219 992 2308 quinque
1019 2220 1126 2288 annis.

65 2334 214 2403 Tiberius
234 2333 317 2401 rexit
334 2331 419 2400 filius
437 2332 507 2421 ejus
526 2332 569 2401 23
586 2334 678 2402 annis
696 2333 766 2422 ejus
787 2356 966 2403 successor.

108 2452 201 2517 Anno
217 2447 339 2516 Tiberii
354 2447 488 2516 Caesaris
503 2447 573 2532 l80,
588 2450 740 2517 dominus
753 2464 862 2517 noster
877 2452 970 2520 lesus
984 2451 1130 2520 Christus
1165 2524 1172 2540 ,

64 2588 178 2657 passus
193 2576 253 2635 est.
269 2566 344 2635 Post
355 2565 534 2649 Tiberium,
550 2567 695 2652 regnavit
711 2567 807 2635 Caius
822 2567 844 2634 ll
860 2568 952 2635 annis
966 2578 997 2636 et
1013 2569 1131 2635 multas

65 2682 292 2773 oppressiones
314 2681 389 2750 feeit
411 2681 550 2764 ludaeis;
577 2681 671 2770 ejecit
701 2683 823 2751 idolum
850 2684 983 2771 loaisa
1012 2685 1131 2774 templo

65 2809 176 2867 saneto
193 2798 462 2867 ierosolimorum
475 2799 498 2866 2.
525 2796 678 2866 Claudius
699 2799 761 2866 luit
781 2799 851 2888 ejus
870 2821 1050 2883 successor,
1074 2801 1131 2889 qui

66 2916 209 3004 regnavit
229 2925 372 3004 quatuor
388 2914 493 2982 decim
510 2914 614 2982 annis.
638 2915 673 2981 ln
693 2915 747 2983 illo
764 2925 910 3006 tempore
928 2928 1059 2985 sanctus
1073 2917 1132 2984 Pe·

67 3044 135 3100 trus
159 3032 271 3100 Romae
299 3031 463 3122 superavit
485 3029 648 3108 Simonem
673 3053 823 3119 magum3
849 3045 979 3102 sanatus
1004 3034 1132 3101 Marcus

67 3149 179 3218 eodem
202 3159 348 3238 tempore
371 3147 559 3239 praedicarit
579 3148 612 3214 in
631 3148 844 3232 Alexandria;
873 3160 904 3216 et
925 3150 1019 3217 beata
1042 3149 1132 3236 ringo

69 3266 168 3334 llaria
196 3276 364 3355 assumpta
392 3276 440 3332 est
471 3264 503 3330 in
535 3263 624 3332 ooelis
653 3285 737 3331 anno
767 3263 825 3332 250
852 3276 925 3354 post
950 3266 1132 3355 passionem

69 3382 209 3451 Domini.
236 3381 372 3450 Sanctus
397 3379 568 3470 Dionysius
594 3402 668 3446 oum
694 3379 761 3447 suis
791 3379 886 3448 sociis
914 3381 974 3448 luit
1001 3381 1134 3449 Athenis

69 3498 248 3589 baptisatus
265 3506 411 3586 temporo
427 3495 564 3564 Neronis
579 3495 635 3584 qui
656 3495 801 3581 regnavit
818 3496 861 3563 tl
881 3497 987 3581 annis,
1010 3508 1041 3564 et
1061 3519 1135 3565 cru·
1214 3553 1217 3560 .

71 3613 170 3683 cisrait
183 3613 317 3682 beatum
339 3612 471 3680 Petrum
491 3634 653 3697 eversum,
672 3612 766 3680 heato
786 3613 886 3681 Paulo
905 3625 1002 3704 eaput
1018 3634 1134 3703 ampu-

101 3811 134 3874 (l)
150 3810 262 3877 inpasti
277 3807 392 3862 Caturia
406 3809 475 3861 dans
490 3808 516 3861 la
531 3809 607 3875 copie
621 3809 654 3860 de
670 3809 738 3860 Dom
753 3809 877 3862 Grenier.

102 3899 138 3961 (ἲ)
153 3897 236 3965 Ejeeit
240 3933 288 3949 .....
309 3896 434 3963 Caligula
450 3897 546 3950 voulut
565 3897 656 3948 elever
674 3911 727 3948 una
747 3902 836 3948 statue
856 3898 889 3949 de
906 3897 1013 3963 Jupiter
1031 3897 1098 3948 (lans
1112 3897 1137 3948 le

74 3987 217 4055 templario
232 3987 400 4050 Jerusalem
417 3987 435 4037 il
450 4001 485 4039 ne
500 3987 526 4038 la
541 4000 669 4039 renrersa
681 3981 739 4054 pas.
