2708 4854
592 427 770 495 ..pp-

194 593 322 681 Capella
339 590 441 658 saneti
459 590 600 681 Dionysii
618 591 651 658 in
669 599 841 680 quaerant
857 588 1003 680 reliquiae
1019 588 1209 661 sanctilusli

148 720 180 777 el
200 708 367 792 Eleuterii,
385 729 518 776 suorum
535 708 698 777 sociorum
716 731 723 790 ;

192 828 321 918 Capella
348 827 450 895 saneti
476 827 605 895 lloreeii
628 827 747 915 inqua
770 836 862 894 erant
891 825 1039 915 reliquiae
1064 825 1165 916 ipsius
1181 837 1209 895 el

149 966 284 1013 snorum
304 943 466 1011 sociorum
484 943 516 1010 in
538 943 666 1031 agmine
680 941 888 1025 cerlaminis;

194 1061 322 1151 Capella
347 1061 447 1128 seneli
477 1061 642 1129 Laurentii
670 1061 702 1127 in
725 1082 789 1149 qna
815 1071 907 1128 eranl
932 1081 1004 1128 ossa
1029 1073 1207 1130 sanctorum

147 1176 325 1245 Sebastiam
342 1187 374 1244 el.
387 1177 502 1244 Valerii
520 1200 527 1254 ;

194 1293 322 1382 Capella
356 1293 457 1361 saneti
486 1293 612 1360 llarlini
645 1294 678 1360 in
710 1315 773 1382 qna
802 1303 894 1362 eranl
918 1292 1066 1383 reliquiae
1088 1293 1158 1384 ejus
1181 1305 1208 1362 el

149 1422 335 1479 sanctornm
354 1409 503 1496 Remigii,
521 1409 662 1492 Vedasli,
679 1409 828 1492 Valeriei,
849 1408 945 1498 Lupi,
963 1409 1119 1493 Gerrasii,
1137 1409 1207 1478 Cer·

149 1525 267 1594 manici
283 1527 290 1570 ¹
310 1549 318 1609 ;
338 1525 378 1592 El
396 1526 465 1592 lnre
483 1523 592 1592 omnia
610 1524 716 1614 primo
734 1524 883 1592 calendas
894 1523 1053 1613 januarii.

193 1645 270 1712 llem
297 1644 409 1712 eadem
434 1642 486 1710 die
509 1642 541 1709 in
566 1642 701 1710 ecclesia
722 1642 807 1710 beari
833 1641 997 1711 Benedicti
1021 1653 1206 1713 consecrata

147 1771 223 1828 sunl
239 1761 369 1850 capellae
385 1781 458 1848 qum
474 1770 628 1827 secuntur
644 1781 650 1825 :
963 1768 966 1776 '

193 1875 320 1964 Capella
344 1873 447 1941 sancti
469 1873 631 1941 Benedieli
653 1873 692 1941 ad
714 1872 820 1961 majos
841 1873 941 1942 altare
968 1874 1001 1942 in
1023 1897 1089 1965 qua
1108 1875 1206 1966 quies-

149 1992 265 2059 cebant
282 2012 353 2059 ossa
371 1989 454 2076 ejuS,
473 1990 575 2057 seneli
597 1989 763 2073 Anthonii,
785 1989 1002 2075 Columbani;

193 2107 321 2197 Capella
344 2107 445 2175 saneli
468 2106 655 2197 Hyeronimi
677 2106 709 2173 in
731 2128 795 2195 qua
816 2106 1028 2195 quiescebant
1048 2109 1121 2198 ejas
1141 2131 1207 2180 ossa

148 2235 179 2292 el
198 2224 238 2292 de
258 2235 368 2292 saneto
385 2223 562 2291 Vullrano:

192 2340 320 2429 Capella
335 2339 437 2407 sancli
455 2337 613 2426 Gregorii,
632 2337 664 2405 in
682 2360 747 2428 qua
764 2350 856 2407 eranl
872 2360 944 2407 ossa
961 2339 1063 2408 saneti
1084 2340 1208 2410 Eusebii

149 2456 340 2545 Isidorique.
362 2455 458 2523 Sexlo
479 2455 552 2523 idus
574 2455 778 2544 septembris,
801 2454 949 2524 videlieet
968 2455 1021 2524 die
1042 2455 1209 2525 nalivilalis

65 2646 68 2651 ,
147 2572 249 2638 bealae
277 2569 385 2637 llariaa
411 2569 558 2637 dedieala
588 2579 647 2653 esl,
680 2579 712 2636 el
740 2591 812 2658 quae
831 2580 1014 2659 sequuntur
1041 2571 1081 2640 ad
1109 2571 1210 2662 majus

147 2686 247 2752 altare
261 2695 353 2752 eranl
367 2684 513 2773 reliquiae
527 2706 533 2750 :
552 2695 736 2751 sanelarum
751 2684 1081 2777 Felicim,Perpeluae,
1092 2689 1207 2775 rigale,

147 2801 290 2888 Agnetis,
312 2801 433 2885 Lueiae,
453 2801 592 2886 Ceeiliee,
607 2801 796 2887 Anastasia,
815 2802 977 2872 Cellrudis
993 2803 1037 2895 [l]
1054 2816 1085 2873 et
1103 2806 1213 2874 Petro·

147 2916 256 3000 nillae;

194 3033 321 3123 Capella
346 3034 447 3102 saneti
475 3035 563 3103 Pauli
587 3036 704 3125 inqua
730 3036 902 3125 quieseunt
926 3035 996 3125 ejus
1017 3036 1161 3127 reliquiae
1179 3043 1218 3103 et

146 3148 186 3215 de
203 3159 313 3217 sanelo
331 3149 478 3217 Barnaba
495 3162 523 3218 el
542 3149 733 3234 Thimoleo;

191 3265 318 3355 Capella
346 3267 448 3335 saneti
474 3269 617 3352 Thomae,
646 3267 739 3357 enjus
765 3268 910 3358 reliquiae
935 3281 1028 3339 erant
1057 3282 1087 3340 el
1110 3264 1217 3338 saneti

145 3379 307 3448 Ambrosii
328 3391 358 3448 et
375 3380 529 3471 Supplieii
547 3407 554 3464 ;

192 3494 319 3585 Capella
351 3498 452 3565 saneli
483 3499 641 3588 Philippi,
673 3499 767 3589 cujas
799 3500 963 3590 reliquiae,
997 3501 1153 3572 Silvestris
1177 3505 1223 3570 et

146 3612 279 3695 Leonis;

191 3728 319 3820 Capella
331 3731 432 3799 saneli
442 3732 591 3818 Andreae,
605 3733 697 3822 enjus
708 3734 865 3824 reliquiae,
875 3733 959 3804 Sexti
970 3747 1002 3804 et
1012 3733 1188 3825 Apolinaris
1202 3751 1218 3813 ;

177 3976 212 4040 (l)
229 3978 266 4029 La
280 3977 356 4044 copie
370 3979 404 4030 de
419 3979 487 4031 Dom
502 3980 617 4033 Gronier
630 3982 720 4034 donne
735 3979 875 4035 Gerarnni.
