2708 4854
675 402 808 505 -aoo
831 444 875 459 -

759 674 794 727 lv

245 860 489 917 lletablissement
508 862 543 917 de
560 862 586 917 la
602 861 734 919 sauledo
749 862 852 919 l’abbe'.
871 896 906 904 -
919 866 1036 922 Conseil
1050 883 1127 940 pour
1140 866 1183 923 les
1197 870 1301 941 repara-

278 960 356 1015 tions
371 961 388 1014 d
401 965 534 1033 apporter
557 963 573 1015 d
597 960 736 1035 l'abbaye.
756 994 791 1003 —
808 964 937 1019 Trnruux
955 960 1109 1038 entrepris.
1129 996 1165 1005 —
1184 966 1302 1022 Gouver-

280 1064 411 1113 rauneat.
430 1090 462 1098 —
477 1060 665 1115 Nomination
679 1059 714 1116 de
725 1076 878 1117 nouvenuu
890 1061 1026 1119 officiens.
1041 1092 1077 1103 —
1091 1061 1212 1136 L'eglise
1223 1066 1303 1137 purte

279 1162 306 1211 et
324 1159 481 1212 restauror.
498 1190 531 1197 -
547 1160 582 1213 lle
598 1159 719 1214 elnltenu
739 1159 774 1214 do
793 1161 893 1231 Drugy
911 1162 1021 1233 repere.
1043 1192 1079 1201 -
1099 1158 1203 1217 t’abho
1217 1161 1303 1217 Pione

279 1271 309 1309 se
330 1254 381 1310 fail
402 1257 565 1311 ronstrnire
586 1273 626 1311 un
647 1257 784 1313 tombenu
803 1260 874 1313 orne
894 1258 930 1313 do
950 1257 1116 1332 sculptures
1135 1264 1165 1315 et
1178 1258 1214 1315 do
1227 1259 1304 1333 pein-

281 1360 361 1411 lares
376 1357 449 1411 daas
464 1355 490 1411 la
506 1356 635 1429 chapelle
650 1357 685 1412 de
699 1358 899 1413 Notio-Demo.

286 1544 321 1610 ln
344 1565 454 1612 mense
479 1542 588 1612 itidem
609 1543 726 1613 martio
747 1544 932 1613 immediate
955 1544 1118 1635 sequenti,
1139 1567 1215 1615 eum
1231 1568 1306 1637 prae·

246 1665 431 1734 nominatus
451 1666 564 1734 Petrus
587 1664 780 1733 norissimus
799 1664 898 1734 abbas
921 1686 1015 1734 suam
1039 1666 1213 1736 sanitatem
1234 1688 1307 1759 pau·

242 1782 341 1871 lisper
357 1792 565 1865 restaurarat,
580 1781 770 1869 magistrum
787 1782 956 1866 loannem,
971 1803 1010 1851 eo
1026 1781 1202 1852 duodecim
1219 1783 1307 1851 annis

243 1898 416 1982 seniorem,
428 1909 459 1965 et
471 1898 653 1983 llagonem,
664 1896 792 1965 duobus
803 1896 896 1965 annis
906 1896 1139 1987 antiquiorem,
1158 1920 1234 1968 suos
1250 1899 1308 1968 ira·

244 2026 320 2098 treS,
329 2014 477 2103 protinus
490 2013 667 2097 naandnrit;
679 2036 776 2103 quem
785 2013 908 2082 dietum
918 2014 1305 2105 lingonemejussrulrem

246 2132 343 2222 paulo
357 2141 431 2198 ante
443 2128 608 2197 ballirium
626 2128 724 2218 hujus
737 2128 831 2198 dictae
849 2128 992 2198 ecclesian
1008 2129 1232 2200 constituerat.
1249 2130 1306 2212 Qui

245 2247 391 2338 predicti
403 2248 516 2315 lintres
531 2256 562 2315 et
573 2248 726 2337 praelatus
740 2246 1059 2331 abbnsPetrus,oum
1071 2248 1140 2317 suis
1154 2248 1308 2338 religiosis

245 2362 435 2451 eaeterisque
455 2360 553 2449 bajas
568 2360 710 2429 ecelesiae
727 2361 926 2446 consulibus,
946 2360 1043 2429 simul
1060 2361 1093 2429 in
1113 2362 1249 2432 consilio
1265 2363 1309 2431 in·

246 2479 438 2561 tersaorunt,
468 2488 500 2545 et
526 2477 609 2544 bane
635 2477 755 2545 dietam
783 2476 952 2545 ecclesiam
975 2498 1049 2567 quae
1074 2498 1195 2567 magna
1219 2478 1308 2547 ruina

245 2594 502 2678 memorabatur,
517 2593 657 2661 maximo
673 2593 820 2677 consilio,
831 2593 951 2678 studio,
962 2594 1073 2663 labore
1089 2594 1306 2684 etdiligentia,

245 2720 399 2796 regerent
415 2730 565 2799 reparare
578 2710 813 2777 contenderunt
831 2720 862 2778 ot
878 2724 1138 2800 procuraverunt
1154 2711 1306 2803 quoniam

244 2828 396 2916 praelatas
413 2826 506 2913 llago
526 2826 753 2916 pensionarius
766 2849 883 2917 parurn
899 2837 957 2896 aut
970 2827 1051 2896 nihil
1066 2827 1099 2895 in
1113 2828 1183 2898 suis
1198 2829 1307 2899 diebus

246 2952 468 3010 construxerat
496 2954 527 3009 et
550 2942 784 3026 aedificaverat3
807 2943 998 3033 inquorum
1015 2944 1155 3030 coneilio
1172 2946 1306 3041 statum¹

248 3057 537 3126 concordiae-erunt
562 3070 721 3148 quatenus
744 3059 897 3129 certiores
924 3058 1040 3128 fierent
1057 3060 1099 3130 de
1119 3061 1220 3131 totius
1237 3082 1307 3131 con·

248 3185 360 3242 uentus
380 3173 615 3261 gubernatione
632 3186 663 3243 et
678 3175 832 3244 alimonia
851 3187 881 3244 et
901 3175 1042 3245 restibus
1063 3187 1095 3245 et
1114 3176 1308 3247 indumentis

248 3290 384 3378 aliisque
405 3289 662 3375 necessitatibus,
677 3291 800 3381 pariter
813 3301 844 3359 et
862 3290 960 3381 hujus
977 3290 1210 3382 praenominati
1228 3290 1308 3362 Petri

246 3407 371 3476 abbatis
386 3418 482 3490 statu,
504 3419 535 3474 et
550 3411 761 3477 seacentum‘2
779 3419 945 3478 scutorum
962 3408 1034 3477 auri
1049 3410 1221 3480 annuatim
1237 3430 1307 3499 ergo

247 3524 370 3591 dietam
396 3523 653 3613 pensioniarinm
679 3524 886 3613 obligatione,
908 3525 1098 3615 caeterisque
1120 3526 1307 3597 servitorum

248 3652 279 3710 et
295 3640 527 3710 officiariorum
544 3641 713 3732 stipendiis
730 3664 802 3710 cum
820 3641 890 3710 aliis
914 3640 1163 3712 inhibitionibus
1187 3654 1220 3712 et
1237 3664 1306 3735 pao·

276 3874 311 3936 tl)
325 3872 463 3926 Statulnm
480 3874 527 3939 [est
537 3875 559 3939 l]
576 3877 600 3927 et
614 3874 815 3927 ordinaverunt
829 3875 897 3926 dans
913 3873 1027 3927 l'extreil
1039 3874 1073 3927 de
1086 3874 1210 3943 Bommy.

276 3963 312 4026 (2)
325 3962 520 4016 sexcentorum
535 3964 603 4016 dans
617 3964 732 4016 l'extrait
745 3965 778 4016 de
793 3965 914 4029 Bommy.
