2708 4854
599 363 797 493 ⁸—77-

145 616 230 684 qua
253 591 443 682 composuit
459 590 591 678 triginta
608 611 662 658 sex
679 588 843 657 volumina
858 587 1016 657 librorum
1037 608 1136 655 sacrae
1152 588 1243 654 theo·

148 709 268 798 logiae
286 720 320 776 et
341 707 478 776 aliorum
492 730 501 790 ;
517 717 561 791 et,
579 727 653 773 cum
668 706 741 789 hoc,
764 704 928 773 renovarit
942 725 1054 773 omnes
1072 703 1172 771 libros
1190 724 1243 771 ec·

151 825 279 894 clesiae
312 835 345 892 et
370 823 523 911 legendas
550 832 738 890 sanctorum
766 832 797 889 et
825 820 1099 889 sanctarumllei.
1130 819 1244 887 Etsuo

156 956 337 1032 tempore,
369 941 474 1009 Guido
502 939 674 1030 episcopus
697 938 934 1023 Ambianensis,
955 938 1010 1028 qui
1027 938 1118 1028 prius
1139 939 1244 1010 luerat

160 1058 430 1128 archidiaconus
449 1057 544 1124 dictee
561 1055 704 1124 ecdesiee
721 1066 752 1122 et
764 1055 944 1145 discipulus
958 1054 1146 1142 ingerranni
1160 1074 1244 1144 prae-
1299 1105 1304 1114 .

158 1173 372 1258 decessoris,
390 1172 560 1262 descripsit
577 1193 677 1262 super
694 1173 879 1261 sepulerum
894 1171 971 1240 dicti
989 1171 1114 1239 abbatis
1134 1190 1245 1238 uersus

159 1301 349 1382 sequentes
368 1313 375 1357 :

284 1471 378 1540 Quem
394 1472 464 1543 tegit
478 1472 527 1527 hic
543 1470 675 1528 tunnulus
691 1470 897 1527 sanctissimus
912 1472 1108 1542 lngerrhnnus
1124 1471 1134 1512 t

355 1568 448 1641 llujus
464 1569 591 1625 coenohii
604 1574 702 1641 pastor
716 1575 744 1625 el
757 1569 829 1624 ubha
844 1567 908 1624 luit.

284 1672 362 1724 Dum
379 1669 473 1739 gregis
488 1667 617 1723 ecclesiae
631 1672 777 1722 monstrat
789 1684 855 1739 spes
870 1668 1068 1739 inclytarum,

359 1766 435 1821 vixit
451 1771 478 1821 el
493 1767 523 1821 in
540 1765 652 1820 mundo
668 1764 798 1821 mundus
811 1770 839 1819 ot
850 1765 979 1836 ingenio,

206 1947 246 2009 (1)
263 1945 396 2012 imprime
414 1945 484 1997 dous
503 1945 645 2010 d'Achcry‚
665 1944 804 2012 Spict'lepe,
824 1948 842 1994 t.
859 1943 893 2006 ll,
909 1958 935 2008 p.
950 1943 1006 2008 340,
1026 1957 1092 1995 arec
1111 1944 1159 1996 des
1172 1941 1249 1994 titte-

173 2049 280 2088 rences
297 2036 493 2100 importantes;
511 2048 582 2086 nous
595 2040 693 2086 notons
707 2035 855 2086 ci-dessous
871 2033 910 2084 les
924 2033 1079 2084 variantes:

342 2133 415 2180 Quem
428 2130 487 2187 tegit
498 2131 543 2174 huc
555 2132 655 2174 tumulus
666 2132 805 2174 lectissimus
818 2135 1053 2178 Anontrnnnnus.....

342 2211 394 2253 Dux
406 2212 489 2265 gregis
500 2210 608 2253 ecelesiee
621 2209 760 2253 Monachum
773 2224 826 2266 spes
836 2211 924 2267 inclyta
933 2211 997 2264 vitae,

397 2292 462 2335 Vixit
474 2298 497 2334 et
508 2293 530 2335 in
541 2293 626 2334 mundo
635 2293 740 2344 mundus,
752 2299 775 2336 et
786 2292 808 2335 in
818 2293 916 2344 domino,

211 2397 234 2445 Α
255 2398 337 2443 noter
350 2396 422 2443 aussi
436 2392 484 2443 des
498 2392 634 2443 uariantes
648 2392 680 2443 de
696 2391 811 2460 lapidee
825 2392 871 2457 qui
884 2393 947 2454 suit,
962 2397 1076 2444 sourent
1089 2393 1153 2444 bion
1169 2391 1253 2443 indis·

175 2481 332 2552 pensobles
345 2495 415 2546 pour
429 2481 453 2532 la
468 2481 700 2547 comprt'hension.

343 2577 409 2621 Abba
419 2582 601 2622 Arsennassus
611 2578 687 2621 loculo
697 2592 748 2636 qure
758 2578 856 2635 pauculo
866 2586 946 2622 nostro
1017 2635 1020 2642 1

344 2662 456 2712 Contulit,
468 2662 505 2704 lu'c
517 2662 601 2704 retinet
613 2661 714 2718 scriptus
726 2663 764 2717 qui
777 2662 878 2704 cernitur
888 2661 963 2705 albus.

345 2742 426 2784 Sancti
438 2742 547 2784 Vincenti
550 2774 592 2788 .....

344 2821 433 2864 Altaria
445 2822 509 2864 Petri
522 2821 624 2864 tabulam
626 2853 669 2867 .....

347 2901 440 2944 Librum
453 2902 585 2955 Evangelii,
597 2903 672 2945 sancti
683 2904 800 2960 vitamque
812 2904 908 2946 Richari

347 2983 422 3038 lpsius
434 2983 532 3025 studium
545 2996 607 3025 mero
618 2989 715 3037 argento
726 2983 852 3028 decorarit.

214 3075 285 3127 l'uis
301 3074 432 3125 riennent
449 3073 518 3124 deux
533 3087 594 3124 rens
608 3073 699 3138 passis
714 3088 762 3139 pur
774 3075 842 3126 dean
857 3076 890 3127 de
904 3075 929 3127 ln
944 3077 1088 3144 Chapellee

346 3173 390 3213 Est
401 3178 425 3214 et
437 3171 670 3227 Episto-liber-larum
680 3178 749 3228 atque
761 3174 941 3227 Evangeliorum
954 3219 956 3224 ,

348 3253 424 3307 lpsius
435 3258 533 3306 argento
546 3265 612 3308 quem
623 3252 737 3296 industrio
747 3266 829 3310 nempe
839 3255 932 3310 paravit
934 3289 977 3303 .....

219 3351 337 3404 Ensuite
354 3356 424 3402 cetto
439 3351 561 3402 uariante
575 3351 611 3402 du
627 3365 687 3402 vers
704 3351 788 3403 l5“de
801 3352 870 3403 leun
885 3353 918 3404 do
934 3354 1115 3423 lachapelle:

349 3449 466 3499 Cernitur.
478 3449 591 3505 adJ'uncte
601 3449 692 3492 sibimet
701 3462 750 3492 cum
759 3451 826 3493 lance
837 3451 928 3494 decenti

215 3539 284 3591 Puis
299 3538 370 3589 deux
385 3552 446 3588 vers
461 3551 558 3589 encore
573 3539 656 3589 omis:

349 3637 440 3678 Praeter
451 3642 474 3677 et
486 3635 546 3678 huuc
556 3634 615 3679 nlius
627 3648 692 3692 quem
704 3636 726 3679 in
738 3637 815 3679 missis
825 3650 916 3693 semper
927 3638 1042 3684 hahebat:

350 3718 426 3759 lJnuru
437 3716 536 3767 dorsale,
548 3724 573 3759 et
585 3717 631 3759 tria
642 3718 712 3772 pallia
722 3718 902 3774 quampretiosu.

219 3807 276 3858 lles
296 3819 376 3856 noms
395 3805 428 3855 dc
448 3804 519 3855 lieux
539 3810 601 3855 sont
619 3805 822 3871 orthogruphlcs
839 3806 1037 3861 dilldrommenl
1055 3808 1123 3861 dous
1141 3808 1182 3862 les
1196 3823 1257 3864 vers

178 3900 231 3969 qui
247 3898 373 3950 solvent:

352 3994 416 4038 Sicut
428 3994 565 4051 Nogucrias,
580 3997 721 4052 Gusponuas
732 4002 755 4040 et
767 3997 911 4046 Dnrsiacum.
