2708 4854
591 407 772 476 -es-

146 571 196 639 cia
211 593 284 639 cum
304 573 424 641 himnis
439 584 469 641 et
487 571 700 655 orationibus,
723 581 754 639 et
773 569 807 638 in
828 571 978 660 sepulcro
993 567 1096 659 patris

146 688 230 756 beati
252 687 393 756 Richarii
414 687 597 756 describere
614 708 724 755 versus
743 686 937 775 sequentes¹
958 708 964 753 :

253 913 346 964 Aureo
362 909 510 965 eoelestem
528 911 699 965 thesaurum
713 910 843 980 contegit
858 925 945 976 urna,

148 1020 179 1078 et
201 1020 328 1078 uetera.

192 1152 366 1242 Descripsit
375 1162 407 1221 et
419 1151 498 1220 ulios
509 1173 618 1220 versus
629 1151 878 1219 cireat'eretrum
889 1150 1027 1242 Caydoci
1041 1152 1096 1220 ctd

147 1292 203 1337 seu
224 1268 373 1353 Fricorii,
395 1291 467 1358 quur
487 1269 606 1358 scripta
624 1278 699 1336 sunt
715 1290 734 1334 a
749 1267 870 1336 dextris
883 1278 915 1335 et
931 1290 949 1335 a
966 1267 1096 1336 sinistri:

252 1509 323 1563 Molo
339 1509 393 1563 sub
406 1509 461 1564 huc
476 1509 585 1580 tegitur
597 1508 747 1580 Caydoeus
759 1507 826 1580 jure
842 1507 977 1563 sacerdos
994 1507 1027 1573 2;

325 1609 439 1663 Scoticu
453 1624 540 1679 quem
557 1607 659 1678 genuit
675 1607 782 1662 Gallica
798 1611 874 1662 terra
890 1606 971 1677 tegit.

254 1705 303 1759 Hic
319 1704 431 1758 domini
448 1705 555 1759 Christi
569 1703 701 1774 gaudens
715 1708 858 1776 prrecepta
869 1709 989 1759 secutus

325 1804 507 1876 Contempsit
521 1805 652 1876 proprias
667 1809 765 1858 mente
780 1804 927 1875 benignus
940 1820 1020 1876 opeS.

255 1902 326 1957 Hinc
342 1902 396 1956 sibi
412 1902 560 1957 concrevit
574 1902 691 1957 centeni
704 1903 787 1974 eopia
803 1901 916 1957 fruetus

327 2000 356 2052 Et
374 1999 458 2053 metit
473 1998 590 2052 aetherei
603 1999 723 2070 proemia
738 1997 818 2069 larga
833 1997 898 2052 soli.

254 2097 325 2152 Huic
341 2096 529 2167 Angilbertus
544 2096 634 2150 fretus
646 2098 752 2168 pietate
768 2097 908 2168 magistra

326 2196 358 2249 Et
374 2192 487 2247 tumulo
504 2209 622 2248 carmen
638 2192 769 2248 condidit
782 2197 810 2247 et
826 2190 986 2247 tumulum.

192 2410 322 2480 Circum
345 2411 430 2479 circu
450 2413 603 2479 feretrum
626 2409 729 2478 saneti
753 2409 885 2477 Adriani
907 2409 1083 2500 descripsit

149 2537 318 2616 sequentes
335 2551 341 2594 :

254 2749 379 2820 Corpore
394 2754 527 2803 terrenus
542 2750 592 2819 qui
608 2750 739 2804 cernitur
754 2754 841 2820 atque
856 2748 989 2821 sepultus
1004 2749 1037 2815 3;

308 2847 434 2927 'Gaudia
447 2863 499 2919 pro
515 2846 627 2901 meritis
642 2847 744 2902 celica
757 2845 842 2900 taetus
857 2846 953 2900 habet.

255 2946 310 2999 lste
326 2944 381 2998 suit
395 2945 530 3000 t'ricorus
545 2944 676 3016 Cap-'doce
692 2945 890 3013 consociatus
933 2957 934 2960 ’

324 3042 416 3106 Quem
434 3043 489 3097 sibi
502 3059 677 3098 concessum
694 3042 816 3098 (lentule
831 3042 938 3113 gaudet
953 3057 1055 3095 ovans,

255 3141 304 3196 Hic
320 3141 426 3196 virtute
441 3141 540 3196 volens
556 3142 683 3214 despexit
697 3156 836 3213 prospero
850 3139 965 3207 mundi,

327 3240 359 3294 Et
373 3238 461 3293 modo
476 3240 586 3295 viventi
600 3239 692 3310 glorio
707 3255 814 3309 magna
827 3243 924 3310 patet3

254 3337 367 3408 Quique
382 3339 441 3392 Deo
455 3337 564 3410 placuit
579 3337 721 3392 erulorum
737 3352 827 3407 regna
842 3335 945 3408 petivit

325 3437 407 3491 Nunc
423 3435 585 3506 Angitberti
598 3436 729 3491 carmine
744 3433 845 3505 fulget,
864 3449 960 3488 umen.

178 3669 212 3732 (t)
230 3670 266 3719 Le
280 3669 356 3735 copie
375 3669 408 3719 de
430 3668 528 3719 Brtuze
548 3669 686 3733 reproduit
705 3669 777 3718 utors
797 3672 871 3718 toute
891 3667 917 3717 le
936 3665 1012 3730 piecc
1029 3665 1092 3730 deje

148 3760 209 3826 ptus
223 3760 299 3817 heut,
315 3775 341 3825 p.
358 3760 395 3811 13.

178 3851 212 3914 (2)
230 3849 356 3914 imprime
371 3851 440 3901 dans
454 3849 596 3913 d'Aehery‚
612 3848 747 3915 Spiritcpe,
762 3849 791 3898 T.
810 3848 843 3908 u,
860 3863 885 3912 p.
902 3848 956 3898 307.

178 3940 213 4002 (3)
384 3939 424 3988 Id.
660 3938 697 3989 id.
784 3938 819 3988 id.
852 3952 877 4002 p.
894 3936 948 3987 308.
