2708 4854
685 446 883 519 ..148-

252 609 569 699 ‹pradmngularibus
601 610 740 701 publicis
764 632 865 702 super
886 612 1122 703 pavimentum,
1152 615 1260 683 nudos
1286 624 1314 682 et

250 738 407 811 mortuos,
435 738 745 817 prostornarerunt;
775 739 808 797 ct
831 752 905 798 cum
931 730 1070 821 podibus
1088 732 1260 801 movebant
1281 731 1313 799 iu

250 842 503 927 abominitiono,
514 843 771 913 humanitatibus
785 844 1010 936 discoopertis,
1020 868 1158 937 corpora
1176 858 1209 916 et
1220 847 1313 917 cada·

248 982 335 1044 rcra,
353 971 425 1028 orto
442 960 557 1028 dicbus
574 960 779 1029 durantibus.
799 961 838 1029 Et
856 962 966 1030 nullus
982 964 1052 1031 erat
1069 984 1171 1033 ausus
1189 985 1245 1035 eos
1260 985 1311 1033 re·

249 1075 389 1143 contlcre
406 1074 414 1115 ¹
438 1087 495 1143 aut
511 1076 647 1168 sepelire
657 1099 666 1160 ;
686 1087 717 1146 ct
733 1076 793 1145 iste
810 1076 950 1145 domnus
966 1076 1061 1167 llugo
1074 1089 1146 1147 erat
1157 1099 1309 1169 presens.

759 1401 795 1455 lll

246 1629 324 1684 Prisc
340 1628 375 1683 dc
391 1629 528 1684 Pontoiso
543 1644 593 1701 par
607 1628 650 1683 lcs
664 1628 793 1700 Anglais‚
811 1631 889 1683 llll.
906 1660 940 1668 -
959 1630 996 1684 Le
1015 1629 1073 1686 duc
1088 1630 1124 1685 de
1138 1630 1306 1703 Bourgogne

281 1731 329 1783 tua
353 1730 370 1781 al
394 1730 570 1783 ltlonlcrcau.
592 1760 625 1768 —
646 1730 683 1783 lte
706 1728 750 1783 roi
776 1725 971 1799 d'Auglcterre
992 1730 1101 1801 opouse
1125 1729 1155 1784 la
1173 1746 1253 1785 soeur
1268 1730 1305 1785 du

279 1827 418 1900 dauplrin,
441 1831 520 1882 lll8.
539 1859 574 1867 -
594 1827 615 1881 ll
637 1826 777 1883 s'inlitule
798 1828 899 1897 regent
919 1826 957 1880 du
978 1842 1180 1898 royaumo.-
1199 1829 1305 1885 Ledae

280 1926 409 1999 Philippo
426 1926 460 1981 dc.
478 1928 649 1997 llourgognc
665 1926 786 1997 assicgc,
799 1939 868 1981 avec
880 1924 907 1979 le
922 1924 967 1980 roi
980 1924 1188 1998 d'Angletcrre‚
1203 1927 1232 1983 ln
1243 1927 1305 1985 villo

279 2023 313 2078 dc
330 2024 424 2078 ,tlrlun
442 2025 492 2095 qui
512 2042 542 2078 sc
562 2025 644 2094 rond,
662 2028 741 2079 1420.
756 2055 792 2065 -
811 2026 848 2079 Le
868 2025 912 2079 roi
929 2022 1126 2095 d'nngleterre
1141 2027 1263 2082 conciuit
1277 2043 1306 2081 sa

278 2122 384 2177 lrrnmc
400 2141 435 2177 cn
453 2124 630 2193 angleterre,
643 2128 672 2178 ot
686 2124 703 2177 al
718 2139 772 2178 son
784 2125 893 2191 retour,
908 2120 1023 2177 l'annee
1036 2123 1183 2195 suivante,
1197 2125 1305 2181 conche

279 2221 353 2275 dans
369 2221 498 2293 l'nbbapc.
514 2222 548 2276 dc
568 2222 792 2293 Saint-lliquicr.
812 2252 847 2261 —
866 2220 887 2276 ll
908 2225 990 2277 entre
1005 2221 1079 2277 dans
1093 2221 1121 2277 le
1138 2222 1244 2279 Vimeu
1256 2240 1305 2297 par

278 2321 425 2377 Abhcrillo
441 2326 469 2377 ct
483 2321 586 2393 prend,
603 2321 676 2376 dans
691 2337 723 2377 cc
738 2337 819 2393 popu,
836 2320 887 2376 des
898 2319 981 2377 villos
996 2325 1026 2377 et
1038 2321 1090 2377 des
1103 2321 1254 2379 chaleaux.

287 2530 323 2596 ln
351 2550 436 2598 anno
460 2530 621 2619 sequenti,
647 2530 793 2599 videlicet
818 2527 918 2615 llll,
944 2529 1132 2619 oetnoginta
1153 2531 1248 2621 Angli
1266 2531 1304 2601 de

241 2658 335 2715 nocte
361 2646 478 2743 lurlire
506 2657 712 2714 accesserunt
738 2646 993 2736 circumquaque
1017 2646 1124 2715 villam
1150 2648 1189 2716 de
1218 2648 1303 2717 Poo-

244 2762 333 2842 toicc,
364 2760 396 2827 in
424 2782 488 2848 qua
515 2772 583 2828 crat
609 2772 750 2850 potestas
781 2761 887 2829 totalis
913 2760 1006 2829 ducis
1036 2760 1247 2851 Burgundio,
1273 2773 1305 2832 et

243 2898 313 2944 cam
330 2875 614 2965 apprehenderunt
630 2887 662 2944 ct
681 2885 877 2966 acceperuut
890 2875 920 2943 vi
941 2886 972 2944 et
984 2875 1148 2963 violentia,
1163 2889 1200 2947 ut
1218 2878 1302 2947 dice·

239 2993 346 3075 Danu,
362 3002 391 3059 ct
412 2991 540 3075 turrito,
562 3012 636 3078 rege
649 2991 848 3059 Francorum
863 3001 894 3059 ct
912 2991 996 3060 duce
1009 2992 1208 3081 Burgundiae
1226 2994 1303 3063 eris·

242 3106 382 3174 tontibus
403 3105 435 3172 in
450 3106 522 3173 rilla
537 3105 643 3174 Sancti
664 3106 805 3197 Dionysii
823 3128 831 3190 ;
854 3117 886 3175 et
900 3087 957 3196 oui
975 3128 1030 3176 rex
1049 3118 1081 3176 et
1097 3108 1163 3177 dux
1177 3130 1212 3179 se
1229 3110 1304 3181 rosi·

239 3221 440 3308 gnarcruntl
457 3220 490 3286 in
511 3220 584 3287 uilla
601 3221 639 3287 dc
655 3222 990 3309 Loipop-sur-Morne.
1017 3222 1075 3292 llis
1096 3223 1172 3294 visis
1196 3236 1229 3294 et
1245 3247 1304 3316 per

240 3336 434 3425 Delphinum
454 3336 677 3420 consideratis,
699 3337 805 3405 dictus
817 3337 1008 3435 Delphinus,
1026 3339 1167 3411 existens
1180 3341 1214 3409 in
1230 3342 1303 3409 silla

241 3453 278 3519 tlc
294 3454 484 3520 llontreuuc
506 3474 564 3519 atta·
588 3454 704 3537 lonae,
726 3453 815 3521 misit
835 3453 1010 3542 legationes
1031 3455 1122 3546 pacis
1140 3468 1173 3526 et
1188 3458 1301 3527 amba-

242 3568 372 3636 tiatorcs
387 3590 485 3658 pones
500 3569 623 3637 dictum
637 3569 752 3638 ducem
770 3570 978 3658 Burguntliae,
996 3571 1054 3662 qui
1070 3594 1106 3642 sc
1121 3573 1304 3643 humiliavit

268 3823 301 3886 (l)
316 3821 494 3874 Itctroctocerc
509 3822 576 3874 dans
591 3822 704 3874 l'extrait
717 3823 750 3874 do
764 3823 877 3887 Bommp

267 3912 302 3974 (2)
318 3912 529 3987 ltesupioperunt
542 3913 609 3964 dans
626 3913 650 3963 tu
666 3913 742 3978 copie
761 3913 794 3964 de
809 3913 877 3965 Dom
891 3913 1006 3966 Grenier
1018 3916 1046 3967 et
1058 3914 1130 3968 Dans
1142 3914 1259 3969 l'oxtrait
1269 3914 1302 3969 do

234 4001 356 4066 Dommy.
