2708 4854
688 420 890 491 -taa-

293 589 378 639 tenus
399 599 451 655 quir
470 583 522 651 lui,
543 559 595 655 qni
616 582 749 639 donnent
770 584 869 639 raison
886 583 902 637 d
920 580 1029 653 l’ngtise
1049 581 1087 637 de
1107 546 1325 657 saint-itiquier

291 686 393 737 contre
406 681 432 735 le.
446 684 560 737 rnaicnr
574 686 602 736 et
616 682 659 736 les
670 679 762 753 jures.

300 879 487 969 Sequuntur
510 902 604 949 casus
632 880 666 948 in
689 880 779 949 brevi
805 902 865 972 pro
892 880 1020 973 quibus
1038 880 1153 971 regina
1178 881 1319 967 Blancia,

258 1006 360 1064 mater
384 995 488 1065 saneti
513 995 666 1065 Luderici
688 997 830 1067 absentis
854 1007 885 1065 et
905 996 1097 1067 debellantis
1121 1008 1237 1083 cantra
1256 996 1321 1067 inb·

257 1112 356 1196 deles,
372 1112 517 1202 peruenit
532 1113 745 1204 personaliter
762 1113 796 1181 in
813 1115 874 1183 boc
890 1114 961 1185 loco
977 1114 1021 1183 ad
1040 1124 1228 1205 requestam
1247 1112 1319 1185 dicti

256 1228 379 1296 domini
393 1228 500 1315 Egidii
516 1230 641 1298 abbatis
659 1241 691 1299 et
711 1230 751 1298 ad
768 1229 960 1319 corrigenda
978 1231 1148 1317 forefacta,
1162 1230 1318 1301 mediante

253 1344 392 1435 justitia,
411 1345 572 1414 dictorum
587 1346 731 1431 iunioris,
747 1346 954 1415 scabinorum
974 1357 1007 1415 et
1021 1348 1274 1421 communitatis.

301 1459 439 1539 Quidam
463 1461 589 1531 occisus
614 1461 648 1528 in
673 1462 779 1530 calcea
801 1461 880 1530 Novi
909 1462 1096 1548 dtulcndini,
1119 1474 1155 1553 ut
1176 1462 1317 1533 inhnma-

261 1588 362 1659 retur‚
384 1576 444 1643 tuit
462 1577 583 1646 leuatus
600 1599 659 1667 pcr
675 1577 840 1645 baltirium
855 1588 887 1646 et
903 1578 1047 1649 clientes.
1071 1580 1156 1649 Dicti
1170 1580 1274 1671 major
1289 1592 1316 1648 et

258 1693 393 1777 scabini,
409 1716 483 1762 cum
502 1695 642 1762 tumultu
657 1706 689 1763 et
700 1695 796 1785 pulsu
811 1716 878 1762 sum
891 1716 1016 1785 magnae
1033 1717 1213 1788 campanae,
1228 1718 1316 1789 eppe

258 1821 405 1894 suerunt,
424 1809 566 1879 dicentes
587 1832 657 1879 csse
675 1810 707 1878 in
723 1810 871 1881 terminis
885 1833 955 1881 sum
968 1810 1136 1881 banlencae
1152 1836 1161 1896 ;
1178 1812 1315 1904 perdide-

259 1936 334 1993 runt
346 1946 535 2015 processum
552 1925 593 1992 in'
603 1926 818 1996 Parlnrncntc.
1144 1914 1147 1920 ⁵

302 2042 394 2125 Item,
412 2042 445 2109 in
465 2041 538 2109 ritla
557 2042 597 2110 de
615 2043 730 2131 Druqq
749 2043 881 2133 quidam
901 2043 985 2112 latro
1003 2044 1257 2136 comprehensus
1274 2054 1316 2113 cst

259 2168 291 2227 ct
309 2157 529 2226 incarceratus
550 2157 584 2224 in
602 2159 732 2227 castello
745 2158 824 2227 dicti
843 2159 917 2228 loci.
932 2159 1014 2228 Dicti
1034 2160 1141 2230 maior
1156 2172 1189 2231 et
1201 2160 1313 2230 scabini

259 2285 482 2365 apposuerunt
502 2285 533 2341 ct
548 2274 773 2363 perdiderunt.

304 2391 395 2476 item,
417 2389 494 2458 dicti
515 2390 620 2460 maior
638 2404 670 2460 ct
685 2391 822 2477 scabini,
843 2414 918 2461 cum
940 2393 1037 2484 pulsu
1055 2414 1123 2462 sum
1144 2415 1311 2485 campanae,

261 2509 416 2578 uiolenter
436 2522 641 2578 accesserunt
661 2509 701 2577 ad
719 2509 851 2578 domurn
873 2510 1086 2599 d’offennurt
1106 2522 1143 2580 ut
1159 2514 1314 2581 combure

261 2636 332 2694 rent
352 2625 485 2693 domum
507 2625 643 2693 Andrean
659 2623 882 2712 d’offenaurt,
906 2626 1049 2695 dieentes
1065 2626 1173 2717 ipsum
1190 2626 1312 2697 homici-

260 2742 348 2809 dam.
382 2739 492 2807 Dictus
520 2740 619 2808 abbas
650 2741 802 2830 opposuit
829 2752 861 2809 et
891 2763 946 2810 eos
975 2741 1105 2810 devixit.
1137 2742 1313 2812 immediate

261 2869 425 2946 tamquam
438 2878 551 2924 cerunt
564 2856 730 2924 subditum
744 2857 966 2946 etsubjectum
978 2858 1190 2928 excitaverunt
1202 2858 1312 2927 dictum

260 2973 432 3040 dndrcam.
463 2972 574 3040 Dictus
598 2972 742 3040 Andreas
764 2972 840 3041 iecit
864 2994 919 3042 eos
944 2995 1078 3043 evocare
1105 2996 1215 3044 coram
1238 2974 1311 3042 dicta

260 3090 384 3178 regina,
404 3111 477 3179 qum
498 3087 665 3177 inquisivit
679 3110 739 3178 per
758 3088 927 3158 dominum
945 3090 1108 3159 biatbeum
1131 3093 1170 3160 dc
1189 3092 1270 3181 Roqc
1285 3099 1311 3157 et

258 3207 426 3277 dominum
449 3207 606 3275 Jcanncm
626 3207 664 3273 dc
690 3206 804 3274 Vitters
824 3206 989 3275 balliuium
1015 3207 1267 3294 ambianensem,
1285 3215 1310 3274 et

259 3346 318 3414 per
334 3323 515 3413 inquestam
533 3322 542 3363 ¹
564 3321 697 3411 justicia
713 3322 857 3391 ecclesiae
875 3321 1062 3413 adjudicata
1080 3336 1141 3393 cst.

305 3439 396 3523 Item,
415 3438 532 3507 accidit
548 3439 634 3528 quod
655 3437 788 3528 quidam
805 3439 912 3508 latr0²
928 3440 1183 3530 comprehensus
1202 3450 1247 3511 est
1263 3456 1310 3531 per

260 3554 433 3624 officiarios
457 3554 612 3638 ecciesiae,
638 3564 669 3622 ct
693 3554 928 3623 sententialiter
952 3554 1158 3644 adjudicatus
1183 3567 1229 3626 est
1244 3551 1308 3647 poni

260 3693 359 3762 snper
374 3671 480 3740 furcas
497 3671 537 3738 de
555 3671 659 3738 narret
675 3671 713 3738 dc
732 3671 892 3761 Niquunt.
915 3670 997 3740 Dieti
1015 3672 1121 3743 maior
1136 3684 1168 3743 et
1184 3692 1309 3775 commu·

291 3896 326 3959 (l)
339 3894 391 3947 Per
403 3897 556 3961 requestam
571 3894 623 3947 toci
636 3896 704 3946 dans
718 3895 833 3948 l'extrait
844 3896 877 3948 de
893 3896 1014 3962 Bommy.

290 3985 326 4051 (2)
338 3983 391 4036 Aut
405 3982 471 4050 suro
487 3984 554 4036 dans
566 3984 591 4035 la
606 3985 682 4050 copia
698 3985 731 4036 dc
747 3984 814 4036 Dcm
829 3985 951 4038 Grenier.
