<?xml version="1.0" encoding="UTF-8"?>
<!DOCTYPE html PUBLIC "-//W3C//DTD XHTML 1.0 Transitional//EN"
    "http://www.w3.org/TR/xhtml1/DTD/xhtml1-transitional.dtd">
<html xmlns="http://www.w3.org/1999/xhtml" xml:lang="en" lang="en">
 <head>
  <title>
</title>
<meta http-equiv="Content-Type" content="text/html;charset=utf-8" />
  <meta name='ocr-system' content='tesseract 3.04.00' />
  <meta name='ocr-capabilities' content='ocr_page ocr_carea ocr_par ocr_line ocrx_word'/>
</head>
<body>
  <div class='ocr_page' id='page_1' title='image "./cronicaabbrevia00joangoog_0164.png"; bbox 0 0 2708 4854; ppageno 0'>
   <div class='ocr_carea' id='block_1_1' title="bbox 466 474 660 544">
    <p class='ocr_par' dir='ltr' id='par_1_1' title="bbox 466 474 660 544">
     <span class='ocr_line' id='line_1_1' title="bbox 466 474 660 544; baseline -0.005 -1"><span class='ocrx_word' id='word_1_1' title='bbox 466 474 660 544; x_wconf 77' lang='grc'>-131--</span> 
     </span>
    </p>
   </div>
   <div class='ocr_carea' id='block_1_2' title="bbox 128 636 1097 823">
    <p class='ocr_par' dir='ltr' id='par_1_2' title="bbox 128 636 1097 823">
     <span class='ocr_line' id='line_1_2' title="bbox 128 636 1097 729; baseline 0.001 -23"><span class='ocrx_word' id='word_1_2' title='bbox 128 640 155 706; x_wconf 79' lang='lat' dir='ltr'>ei</span> <span class='ocrx_word' id='word_1_3' title='bbox 165 650 267 729; x_wconf 79' lang='lat' dir='ltr'>parte.</span> <span class='ocrx_word' id='word_1_4' title='bbox 282 638 320 705; x_wconf 86' lang='lat' dir='ltr'>Et</span> <span class='ocrx_word' id='word_1_5' title='bbox 333 637 384 705; x_wconf 83' lang='lat' dir='ltr'>hic</span> <span class='ocrx_word' id='word_1_6' title='bbox 398 649 429 705; x_wconf 88' lang='lat' dir='ltr'>et</span> <span class='ocrx_word' id='word_1_7' title='bbox 443 637 692 726; x_wconf 71' lang='lat' dir='ltr'>tempat‘e&#39;istius</span> <span class='ocrx_word' id='word_1_8' title='bbox 705 636 809 704; x_wconf 86' lang='lat' dir='ltr'>finivit</span> <span class='ocrx_word' id='word_1_9' title='bbox 825 637 917 704; x_wconf 81' lang='lat' dir='ltr'>tertia</span> <span class='ocrx_word' id='word_1_10' title='bbox 932 639 1097 726; x_wconf 75' lang='lat' dir='ltr'>generatio</span> 
     </span>
     <span class='ocr_line' id='line_1_3' title="bbox 128 754 788 823; baseline -0.003 0"><span class='ocrx_word' id='word_1_11' title='bbox 128 756 195 823; x_wconf 91' lang='lat' dir='ltr'>nin</span> <span class='ocrx_word' id='word_1_12' title='bbox 213 767 298 823; x_wconf 83' lang='lat' dir='ltr'>recta</span> <span class='ocrx_word' id='word_1_13' title='bbox 317 754 412 822; x_wconf 87' lang='lat' dir='ltr'>linea.</span> <span class='ocrx_word' id='word_1_14' title='bbox 594 765 596 768; x_wconf 81' lang='grc'><strong>’</strong></span> <span class='ocrx_word' id='word_1_15' title='bbox 784 768 788 776; x_wconf 85' lang='grc'><em>“</em></span> 
     </span>
    </p>
   </div>
   <div class='ocr_carea' id='block_1_3' title="bbox 504 999 771 1112">
    <p class='ocr_par' dir='ltr' id='par_1_3' title="bbox 504 999 771 1112">
     <span class='ocr_line' id='line_1_4' title="bbox 504 999 771 1112; baseline -0.004 0"><span class='ocrx_word' id='word_1_16' title='bbox 504 1020 623 1112; x_wconf 79' lang='lat' dir='ltr'>niati</span> <span class='ocrx_word' id='word_1_17' title='bbox 678 1020 679 1023; x_wconf 63' lang='lat'>‘</span> <span class='ocrx_word' id='word_1_18' title='bbox 769 999 771 1002; x_wconf 33' lang='lat'><em>⁴</em></span> 
     </span>
    </p>
   </div>
   <div class='ocr_carea' id='block_1_4' title="bbox 128 1268 1101 1639">
    <p class='ocr_par' dir='ltr' id='par_1_4' title="bbox 128 1268 1101 1639">
     <span class='ocr_line' id='line_1_5' title="bbox 128 1268 1097 1342; baseline 0.003 -19"><span class='ocrx_word' id='word_1_19' title='bbox 128 1287 149 1323; x_wconf 81' lang='lat' dir='ltr'>u:</span> <span class='ocrx_word' id='word_1_20' title='bbox 164 1271 368 1340; x_wconf 77' lang='lat' dir='ltr'>Foucaucouan,</span> <span class='ocrx_word' id='word_1_21' title='bbox 388 1273 433 1325; x_wconf 69' lang='lat'>360</span> <span class='ocrx_word' id='word_1_22' title='bbox 444 1270 526 1339; x_wconf 80' lang='lat' dir='ltr'>abbe,</span> <span class='ocrx_word' id='word_1_23' title='bbox 542 1287 607 1325; x_wconf 79' lang='lat' dir='ltr'>vers</span> <span class='ocrx_word' id='word_1_24' title='bbox 624 1273 701 1324; x_wconf 76' lang='lat'><strong>1303.</strong></span> <span class='ocrx_word' id='word_1_25' title='bbox 716 1299 749 1311; x_wconf 94' lang='lat'><em>-</em></span> <span class='ocrx_word' id='word_1_26' title='bbox 763 1269 992 1341; x_wconf 77' lang='lat' dir='ltr'>Philipps-le-Bel</span> <span class='ocrx_word' id='word_1_27' title='bbox 1006 1268 1097 1342; x_wconf 82' lang='lat' dir='ltr'><strong>prend</strong></span> 
     </span>
     <span class='ocr_line' id='line_1_6' title="bbox 129 1347 1101 1440; baseline 0.003 -20"><span class='ocrx_word' id='word_1_28' title='bbox 129 1367 200 1421; x_wconf 78' lang='lat' dir='ltr'>roix.</span> <span class='ocrx_word' id='word_1_29' title='bbox 213 1399 247 1406; x_wconf 91' lang='lat'>—</span> <span class='ocrx_word' id='word_1_30' title='bbox 261 1368 419 1422; x_wconf 85' lang='lat' dir='ltr'>Mauvaises</span> <span class='ocrx_word' id='word_1_31' title='bbox 432 1369 595 1430; x_wconf 81' lang='lat' dir='ltr'>intentians</span> <span class='ocrx_word' id='word_1_32' title='bbox 607 1347 657 1423; x_wconf 84' lang='lat' dir='ltr'>des</span> <span class='ocrx_word' id='word_1_33' title='bbox 671 1350 790 1438; x_wconf 72' lang='lat' dir='ltr'>anglais</span> <span class='ocrx_word' id='word_1_34' title='bbox 805 1384 856 1421; x_wconf 84' lang='lat' dir='ltr'>sur</span> <span class='ocrx_word' id='word_1_35' title='bbox 870 1368 896 1422; x_wconf 85' lang='lat' dir='ltr'>le</span> <span class='ocrx_word' id='word_1_36' title='bbox 912 1374 1051 1440; x_wconf 75' lang='lat' dir='ltr'>vroyaume</span> <span class='ocrx_word' id='word_1_37' title='bbox 1066 1369 1101 1423; x_wconf 85' lang='lat' dir='ltr'>de</span> 
     </span>
     <span class='ocr_line' id='line_1_7' title="bbox 128 1466 1100 1537; baseline 0.002 -17"><span class='ocrx_word' id='word_1_38' title='bbox 128 1482 189 1520; x_wconf 88' lang='lat' dir='ltr'>nee.</span> <span class='ocrx_word' id='word_1_39' title='bbox 206 1499 240 1505; x_wconf 95' lang='lat'><strong>—</strong></span> <span class='ocrx_word' id='word_1_40' title='bbox 253 1467 273 1521; x_wconf 88' lang='lat' dir='ltr'>F</span> <span class='ocrx_word' id='word_1_41' title='bbox 274 1468 381 1522; x_wconf 85' lang='lat' dir='ltr'>amine.</span> <span class='ocrx_word' id='word_1_42' title='bbox 392 1499 427 1506; x_wconf 93' lang='lat'>—</span> <span class='ocrx_word' id='word_1_43' title='bbox 440 1467 591 1522; x_wconf 79' lang='lat' dir='ltr'>Mortalite.</span> <span class='ocrx_word' id='word_1_44' title='bbox 602 1499 635 1506; x_wconf 93' lang='lat'>—-</span> <span class='ocrx_word' id='word_1_45' title='bbox 647 1466 816 1522; x_wconf 78' lang='lat' dir='ltr'>Ceremunie</span> <span class='ocrx_word' id='word_1_46' title='bbox 832 1466 986 1537; x_wconf 79' lang='lat' dir='ltr'>religieuse</span> <span class='ocrx_word' id='word_1_47' title='bbox 997 1468 1014 1521; x_wconf 74' lang='lat' dir='ltr'>a</span> <span class='ocrx_word' id='word_1_48' title='bbox 1026 1471 1100 1522; x_wconf 81' lang='lat' dir='ltr'>cette</span> 
     </span>
     <span class='ocr_line' id='line_1_8' title="bbox 128 1565 1100 1639; baseline 0.001 -20"><span class='ocrx_word' id='word_1_49' title='bbox 128 1567 217 1634; x_wconf 77' lang='lat' dir='ltr'>asion,</span> <span class='ocrx_word' id='word_1_50' title='bbox 232 1572 260 1620; x_wconf 89' lang='lat' dir='ltr'>et</span> <span class='ocrx_word' id='word_1_51' title='bbox 272 1567 463 1637; x_wconf 83' lang='lat' dir='ltr'>indulgences</span> <span class='ocrx_word' id='word_1_52' title='bbox 477 1584 533 1620; x_wconf 78' lang='lat' dir='ltr'>aux</span> <span class='ocrx_word' id='word_1_53' title='bbox 547 1568 704 1639; x_wconf 78' lang='lat' dir='ltr'>penitents.</span> <span class='ocrx_word' id='word_1_54' title='bbox 720 1598 755 1606; x_wconf 87' lang='lat'>—</span> <span class='ocrx_word' id='word_1_55' title='bbox 769 1567 821 1620; x_wconf 86' lang='lat' dir='ltr'>Fin</span> <span class='ocrx_word' id='word_1_56' title='bbox 837 1566 872 1620; x_wconf 88' lang='lat' dir='ltr'>de</span> <span class='ocrx_word' id='word_1_57' title='bbox 887 1565 915 1619; x_wconf 90' lang='lat' dir='ltr'>la</span> <span class='ocrx_word' id='word_1_58' title='bbox 930 1565 1050 1620; x_wconf 86' lang='lat' dir='ltr'>sumine.</span> <span class='ocrx_word' id='word_1_59' title='bbox 1066 1597 1100 1606; x_wconf 88' lang='lat'>—-</span> 
     </span>
    </p>
   </div>
   <div class='ocr_carea' id='block_1_5' title="bbox 128 1654 1168 1817">
    <p class='ocr_par' dir='ltr' id='par_1_5' title="bbox 128 1654 1168 1817">
     <span class='ocr_line' id='line_1_9' title="bbox 128 1654 1168 1738; baseline 0 -18"><span class='ocrx_word' id='word_1_60' title='bbox 128 1682 181 1720; x_wconf 83' lang='lat' dir='ltr'>nur</span> <span class='ocrx_word' id='word_1_61' title='bbox 200 1665 234 1719; x_wconf 88' lang='lat' dir='ltr'>de</span> <span class='ocrx_word' id='word_1_62' title='bbox 253 1665 452 1721; x_wconf 82' lang='lat' dir='ltr'>l’abundanee.</span> <span class='ocrx_word' id='word_1_63' title='bbox 469 1698 503 1705; x_wconf 92' lang='lat'>—</span> <span class='ocrx_word' id='word_1_64' title='bbox 517 1665 619 1721; x_wconf 74' lang='lat' dir='ltr'>L&#39;abbe</span> <span class='ocrx_word' id='word_1_65' title='bbox 638 1671 719 1738; x_wconf 83' lang='lat' dir='ltr'>purte</span> <span class='ocrx_word' id='word_1_66' title='bbox 737 1682 773 1720; x_wconf 84' lang='lat' dir='ltr'>en</span> <span class='ocrx_word' id='word_1_67' title='bbox 790 1666 958 1738; x_wconf 87' lang='lat' dir='ltr'>processinn</span> <span class='ocrx_word' id='word_1_68' title='bbox 973 1666 1000 1721; x_wconf 89' lang='lat' dir='ltr'>le</span> <span class='ocrx_word' id='word_1_69' title='bbox 1015 1681 1100 1738; x_wconf 81' lang='lat' dir='ltr'><strong>corps</strong></span> <span class='ocrx_word' id='word_1_70' title='bbox 1158 1654 1168 1670; x_wconf 96' lang='grc'>’</span> 
     </span>
     <span class='ocr_line' id='line_1_10' title="bbox 128 1763 234 1817; baseline 0.009 -1"><span class='ocrx_word' id='word_1_71' title='bbox 128 1763 234 1817; x_wconf 82' lang='lat' dir='ltr'>Christ.</span> 
     </span>
    </p>
   </div>
   <div class='ocr_carea' id='block_1_6' title="bbox 128 1941 1102 2263">
    <p class='ocr_par' dir='ltr' id='par_1_6' title="bbox 128 1941 1102 2263">
     <span class='ocr_line' id='line_1_11' title="bbox 128 1941 1101 2029; baseline 0 -19"><span class='ocrx_word' id='word_1_72' title='bbox 128 1943 171 2010; x_wconf 74' lang='lat' dir='ltr'>ait·</span> <span class='ocrx_word' id='word_1_73' title='bbox 187 1942 265 2010; x_wconf 84' lang='lat' dir='ltr'>Dum</span> <span class='ocrx_word' id='word_1_74' title='bbox 286 1941 402 2012; x_wconf 81' lang='lat' dir='ltr'>cumn</span> <span class='ocrx_word' id='word_1_75' title='bbox 420 1944 575 2012; x_wconf 75' lang='lat' dir='ltr'>al&#39;annee</span> <span class='ocrx_word' id='word_1_76' title='bbox 588 1943 685 2013; x_wconf 79' lang='lat' dir='ltr'>tata.</span> <span class='ocrx_word' id='word_1_77' title='bbox 702 1982 744 1996; x_wconf 96' lang='lat'>-</span> <span class='ocrx_word' id='word_1_78' title='bbox 759 1943 795 2010; x_wconf 85' lang='lat' dir='ltr'>tt.</span> <span class='ocrx_word' id='word_1_79' title='bbox 815 1942 933 2012; x_wconf 78' lang='lat' dir='ltr'>Cotton</span> <span class='ocrx_word' id='word_1_80' title='bbox 946 1965 964 2010; x_wconf 91' lang='lat' dir='ltr'>a</span> <span class='ocrx_word' id='word_1_81' title='bbox 978 1942 1101 2029; x_wconf 66' lang='lat' dir='ltr'>signali</span> 
     </span>
     <span class='ocr_line' id='line_1_12' title="bbox 128 2057 1102 2149; baseline 0.003 -26"><span class='ocrx_word' id='word_1_82' title='bbox 128 2057 212 2123; x_wconf 87' lang='lat' dir='ltr'>ssiun</span> <span class='ocrx_word' id='word_1_83' title='bbox 234 2079 294 2146; x_wconf 83' lang='lat' dir='ltr'>pat·</span> <span class='ocrx_word' id='word_1_84' title='bbox 309 2058 388 2125; x_wconf 82' lang='lat' dir='ltr'>iean</span> <span class='ocrx_word' id='word_1_85' title='bbox 401 2057 484 2125; x_wconf 88' lang='lat' dir='ltr'>dela</span> <span class='ocrx_word' id='word_1_86' title='bbox 496 2058 647 2149; x_wconf 84' lang='lat' dir='ltr'>Chapella</span> <span class='ocrx_word' id='word_1_87' title='bbox 667 2059 706 2127; x_wconf 87' lang='lat' dir='ltr'>de</span> <span class='ocrx_word' id='word_1_88' title='bbox 720 2059 825 2126; x_wconf 76' lang='lat' dir='ltr'>l&#39;abbe&#39;t</span> <span class='ocrx_word' id='word_1_89' title='bbox 839 2059 1011 2142; x_wconf 83' lang='lat' dir='ltr'>Eustauhe,</span> <span class='ocrx_word' id='word_1_90' title='bbox 1027 2059 1102 2148; x_wconf 80' lang='lat' dir='ltr'>pre&#39;·</span> 
     </span>
     <span class='ocr_line' id='line_1_13' title="bbox 131 2173 692 2263; baseline 0.007 -24"><span class='ocrx_word' id='word_1_91' title='bbox 131 2195 209 2240; x_wconf 78' lang='lat' dir='ltr'>seut</span> <span class='ocrx_word' id='word_1_92' title='bbox 225 2173 264 2241; x_wconf 89' lang='lat' dir='ltr'>de</span> <span class='ocrx_word' id='word_1_93' title='bbox 280 2174 358 2241; x_wconf 80' lang='lat' dir='ltr'>Jean</span> <span class='ocrx_word' id='word_1_94' title='bbox 379 2175 418 2242; x_wconf 89' lang='lat' dir='ltr'>de</span> <span class='ocrx_word' id='word_1_95' title='bbox 439 2175 692 2263; x_wconf 75' lang='lat' dir='ltr'>Foueaueautt.)</span> 
     </span>
    </p>
   </div>
   <div class='ocr_carea' id='block_1_7' title="bbox 128 2343 1110 3479">
    <p class='ocr_par' dir='ltr' id='par_1_7' title="bbox 128 2343 1110 3479">
     <span class='ocr_line' id='line_1_14' title="bbox 128 2343 1101 2433; baseline 0 -21"><span class='ocrx_word' id='word_1_96' title='bbox 128 2365 226 2413; x_wconf 85' lang='lat' dir='ltr'>mnas</span> <span class='ocrx_word' id='word_1_97' title='bbox 239 2366 279 2412; x_wconf 88' lang='lat' dir='ltr'>ua</span> <span class='ocrx_word' id='word_1_98' title='bbox 294 2345 542 2428; x_wconf 79' lang='lat' dir='ltr'>Faueauuouna,</span> <span class='ocrx_word' id='word_1_99' title='bbox 561 2345 746 2432; x_wconf 76' lang='lat' dir='ltr'>trigesimus</span> <span class='ocrx_word' id='word_1_100' title='bbox 761 2355 868 2413; x_wconf 87' lang='lat' dir='ltr'>sextus</span> <span class='ocrx_word' id='word_1_101' title='bbox 886 2345 985 2413; x_wconf 90' lang='lat' dir='ltr'>abbas</span> <span class='ocrx_word' id='word_1_102' title='bbox 1003 2343 1101 2433; x_wconf 88' lang='lat' dir='ltr'>hujus</span> 
     </span>
     <span class='ocr_line' id='line_1_15' title="bbox 142 2459 1104 2549; baseline -0.002 -21"><span class='ocrx_word' id='word_1_103' title='bbox 142 2461 280 2529; x_wconf 86' lang='lat' dir='ltr'>coenabii</span> <span class='ocrx_word' id='word_1_104' title='bbox 295 2463 317 2545; x_wconf 89' lang='lat'>¹,</span> <span class='ocrx_word' id='word_1_105' title='bbox 334 2461 475 2549; x_wconf 73' lang='lat' dir='ltr'>suscepit</span> <span class='ocrx_word' id='word_1_106' title='bbox 488 2482 600 2528; x_wconf 80' lang='lat' dir='ltr'>earam</span> <span class='ocrx_word' id='word_1_107' title='bbox 614 2460 804 2527; x_wconf 71' lang='lat' dir='ltr'>abbatialem</span> <span class='ocrx_word' id='word_1_108' title='bbox 820 2473 893 2548; x_wconf 88' lang='lat' dir='ltr'>post</span> <span class='ocrx_word' id='word_1_109' title='bbox 910 2461 1008 2528; x_wconf 90' lang='lat' dir='ltr'>istum</span> <span class='ocrx_word' id='word_1_110' title='bbox 1024 2459 1104 2528; x_wconf 87' lang='lat' dir='ltr'>Odo-</span> 
     </span>
     <span class='ocr_line' id='line_1_16' title="bbox 128 2576 1105 2666; baseline -0.001 -22"><span class='ocrx_word' id='word_1_111' title='bbox 128 2579 214 2645; x_wconf 81' lang='lat' dir='ltr'>eirea</span> <span class='ocrx_word' id='word_1_112' title='bbox 227 2599 346 2645; x_wconf 89' lang='lat' dir='ltr'>annum</span> <span class='ocrx_word' id='word_1_113' title='bbox 364 2577 480 2646; x_wconf 64' lang='lat' dir='ltr'>tatae</span> <span class='ocrx_word' id='word_1_114' title='bbox 491 2579 514 2643; x_wconf 70' lang='lat'>².</span> <span class='ocrx_word' id='word_1_115' title='bbox 531 2578 668 2646; x_wconf 86' lang='lat' dir='ltr'>Etanna</span> <span class='ocrx_word' id='word_1_116' title='bbox 682 2577 809 2646; x_wconf 83' lang='lat' dir='ltr'>Domini</span> <span class='ocrx_word' id='word_1_117' title='bbox 823 2576 921 2662; x_wconf 79' lang='lat' dir='ltr'>tata,</span> <span class='ocrx_word' id='word_1_118' title='bbox 936 2577 1105 2666; x_wconf 84' lang='lat' dir='ltr'>Philippus</span> 
     </span>
     <span class='ocr_line' id='line_1_17' title="bbox 129 2692 1104 2782; baseline -0.004 -19"><span class='ocrx_word' id='word_1_119' title='bbox 129 2718 143 2763; x_wconf 90' lang='lat' dir='ltr'>s</span> <span class='ocrx_word' id='word_1_120' title='bbox 168 2697 197 2761; x_wconf 80' lang='lat' dir='ltr'>le</span> <span class='ocrx_word' id='word_1_121' title='bbox 221 2697 278 2762; x_wconf 79' lang='lat' dir='ltr'>aet</span> <span class='ocrx_word' id='word_1_122' title='bbox 303 2717 357 2761; x_wconf 85' lang='lat' dir='ltr'>rex</span> <span class='ocrx_word' id='word_1_123' title='bbox 384 2694 589 2782; x_wconf 78' lang='lat' dir='ltr'>congregavit</span> <span class='ocrx_word' id='word_1_124' title='bbox 613 2715 742 2761; x_wconf 85' lang='lat' dir='ltr'>omnem</span> <span class='ocrx_word' id='word_1_125' title='bbox 769 2692 995 2761; x_wconf 84' lang='lat' dir='ltr'>militiamsui</span> <span class='ocrx_word' id='word_1_126' title='bbox 1015 2693 1104 2780; x_wconf 81' lang='lat' dir='ltr'>regni</span> 
     </span>
     <span class='ocr_line' id='line_1_18' title="bbox 131 2808 1105 2898; baseline -0.001 -21"><span class='ocrx_word' id='word_1_127' title='bbox 131 2832 206 2897; x_wconf 79' lang='lat' dir='ltr'>nege</span> <span class='ocrx_word' id='word_1_128' title='bbox 222 2811 356 2896; x_wconf 69' lang='lat' dir='ltr'>inguae,</span> <span class='ocrx_word' id='word_1_129' title='bbox 375 2809 489 2898; x_wconf 86' lang='lat' dir='ltr'>etipsi</span> <span class='ocrx_word' id='word_1_130' title='bbox 508 2830 598 2895; x_wconf 78' lang='lat' dir='ltr'>reges</span> <span class='ocrx_word' id='word_1_131' title='bbox 616 2831 690 2876; x_wconf 90' lang='lat' dir='ltr'>eum</span> <span class='ocrx_word' id='word_1_132' title='bbox 708 2808 775 2876; x_wconf 91' lang='lat' dir='ltr'>suis</span> <span class='ocrx_word' id='word_1_133' title='bbox 792 2808 957 2876; x_wconf 85' lang='lat' dir='ltr'>nobilibus</span> <span class='ocrx_word' id='word_1_134' title='bbox 972 2829 1105 2897; x_wconf 80' lang='lat' dir='ltr'>aecepe-</span> 
     </span>
     <span class='ocr_line' id='line_1_19' title="bbox 136 2925 1105 3015; baseline -0.002 -21"><span class='ocrx_word' id='word_1_135' title='bbox 136 2948 265 2994; x_wconf 81' lang='lat' dir='ltr'>ctueem</span> <span class='ocrx_word' id='word_1_136' title='bbox 287 2937 319 2993; x_wconf 86' lang='lat' dir='ltr'>et</span> <span class='ocrx_word' id='word_1_137' title='bbox 341 2928 521 2993; x_wconf 77' lang='lat' dir='ltr'>venerunt³</span> <span class='ocrx_word' id='word_1_138' title='bbox 548 2946 740 3015; x_wconf 74' lang='lat' dir='ltr'>recuperare</span> <span class='ocrx_word' id='word_1_139' title='bbox 762 2936 882 2993; x_wconf 78' lang='lat' dir='ltr'>tenum</span> <span class='ocrx_word' id='word_1_140' title='bbox 907 2935 1050 2993; x_wconf 83' lang='lat' dir='ltr'>sanctam</span> <span class='ocrx_word' id='word_1_141' title='bbox 1065 2925 1105 2992; x_wconf 86' lang='lat' dir='ltr'>de</span> 
     </span>
     <span class='ocr_line' id='line_1_20' title="bbox 128 3040 1102 3131; baseline 0 -24"><span class='ocrx_word' id='word_1_142' title='bbox 128 3043 218 3109; x_wconf 83' lang='lat' dir='ltr'>aiem</span> <span class='ocrx_word' id='word_1_143' title='bbox 236 3064 309 3108; x_wconf 88' lang='lat' dir='ltr'>eum</span> <span class='ocrx_word' id='word_1_144' title='bbox 327 3042 430 3108; x_wconf 76' lang='lat' dir='ltr'>tribus</span> <span class='ocrx_word' id='word_1_145' title='bbox 446 3040 513 3108; x_wconf 88' lang='lat' dir='ltr'>suis</span> <span class='ocrx_word' id='word_1_146' title='bbox 528 3040 614 3124; x_wconf 80' lang='lat' dir='ltr'>tiliis,</span> <span class='ocrx_word' id='word_1_147' title='bbox 626 3040 713 3129; x_wconf 86' lang='lat' dir='ltr'>quud</span> <span class='ocrx_word' id='word_1_148' title='bbox 727 3062 792 3108; x_wconf 87' lang='lat' dir='ltr'>nun</span> <span class='ocrx_word' id='word_1_149' title='bbox 804 3041 865 3107; x_wconf 87' lang='lat' dir='ltr'>suit</span> <span class='ocrx_word' id='word_1_150' title='bbox 877 3040 1102 3131; x_wconf 84' lang='lat' dir='ltr'>adimpletum,</span> 
     </span>
     <span class='ocr_line' id='line_1_21' title="bbox 129 3155 1108 3247; baseline -0.001 -23"><span class='ocrx_word' id='word_1_151' title='bbox 129 3233 131 3235; x_wconf 49' lang='grc'><strong>,</strong></span> <span class='ocrx_word' id='word_1_152' title='bbox 149 3158 319 3244; x_wconf 80' lang='lat' dir='ltr'>instigante</span> <span class='ocrx_word' id='word_1_153' title='bbox 337 3157 477 3242; x_wconf 84' lang='lat' dir='ltr'>diabalo,</span> <span class='ocrx_word' id='word_1_154' title='bbox 495 3156 618 3243; x_wconf 76' lang='lat' dir='ltr'>Angiiei</span> <span class='ocrx_word' id='word_1_155' title='bbox 635 3157 900 3247; x_wconf 75' lang='lat' dir='ltr'>conspiraverunt</span> <span class='ocrx_word' id='word_1_156' title='bbox 915 3157 947 3223; x_wconf 94' lang='lat' dir='ltr'>in</span> <span class='ocrx_word' id='word_1_157' title='bbox 961 3155 1108 3226; x_wconf 87' lang='lat' dir='ltr'>absentia</span> 
     </span>
     <span class='ocr_line' id='line_1_22' title="bbox 151 3272 1110 3362; baseline 0.001 -23"><span class='ocrx_word' id='word_1_158' title='bbox 151 3273 289 3362; x_wconf 81' lang='lat' dir='ltr'>Philippi</span> <span class='ocrx_word' id='word_1_159' title='bbox 314 3273 464 3350; x_wconf 73' lang='lat' dir='ltr'>invadere</span> <span class='ocrx_word' id='word_1_160' title='bbox 486 3273 572 3340; x_wconf 87' lang='lat' dir='ltr'>istud</span> <span class='ocrx_word' id='word_1_161' title='bbox 590 3294 738 3361; x_wconf 78' lang='lat' dir='ltr'>regnum,</span> <span class='ocrx_word' id='word_1_162' title='bbox 761 3284 793 3341; x_wconf 90' lang='lat' dir='ltr'>et</span> <span class='ocrx_word' id='word_1_163' title='bbox 818 3273 880 3342; x_wconf 84' lang='lat' dir='ltr'>ista</span> <span class='ocrx_word' id='word_1_164' title='bbox 901 3272 1030 3341; x_wconf 78' lang='lat' dir='ltr'>traditio</span> <span class='ocrx_word' id='word_1_165' title='bbox 1047 3272 1110 3340; x_wconf 79' lang='lat' dir='ltr'>suit</span> 
     </span>
     <span class='ocr_line' id='line_1_23' title="bbox 130 3388 1108 3479; baseline 0 -22"><span class='ocrx_word' id='word_1_166' title='bbox 130 3390 221 3457; x_wconf 78' lang='lat' dir='ltr'>festa,</span> <span class='ocrx_word' id='word_1_167' title='bbox 246 3391 283 3456; x_wconf 84' lang='lat' dir='ltr'>tt</span> <span class='ocrx_word' id='word_1_168' title='bbox 311 3389 496 3458; x_wconf 85' lang='lat' dir='ltr'>immediate</span> <span class='ocrx_word' id='word_1_169' title='bbox 523 3390 620 3479; x_wconf 86' lang='lat' dir='ltr'>caepit</span> <span class='ocrx_word' id='word_1_170' title='bbox 638 3410 773 3478; x_wconf 81' lang='lat' dir='ltr'>regnate</span> <span class='ocrx_word' id='word_1_171' title='bbox 795 3391 897 3459; x_wconf 87' lang='lat' dir='ltr'>sames</span> <span class='ocrx_word' id='word_1_172' title='bbox 918 3388 1108 3458; x_wconf 82' lang='lat' dir='ltr'>universalis</span> 
     </span>
    </p>
   </div>
   <div class='ocr_carea' id='block_1_8' title="bbox 128 3589 1112 4106">
    <p class='ocr_par' dir='ltr' id='par_1_8' title="bbox 128 3589 1112 4106">
     <span class='ocr_line' id='line_1_24' title="bbox 128 3589 1109 3656; baseline -0.001 -13"><span class='ocrx_word' id='word_1_173' title='bbox 128 3594 159 3643; x_wconf 78' lang='lat' dir='ltr'>La</span> <span class='ocrx_word' id='word_1_174' title='bbox 174 3589 262 3644; x_wconf 79' lang='lat' dir='ltr'>Gallia</span> <span class='ocrx_word' id='word_1_175' title='bbox 279 3590 437 3644; x_wconf 70' lang='lat' dir='ltr'>Christiana</span> <span class='ocrx_word' id='word_1_176' title='bbox 452 3592 476 3643; x_wconf 84' lang='lat' dir='ltr'>le</span> <span class='ocrx_word' id='word_1_177' title='bbox 491 3607 599 3644; x_wconf 83' lang='lat' dir='ltr'>nomme</span> <span class='ocrx_word' id='word_1_178' title='bbox 609 3593 676 3644; x_wconf 79' lang='lat' dir='ltr'>Jean</span> <span class='ocrx_word' id='word_1_179' title='bbox 688 3594 713 3644; x_wconf 84' lang='lat' dir='ltr'>il</span> <span class='ocrx_word' id='word_1_180' title='bbox 724 3595 757 3645; x_wconf 84' lang='lat' dir='ltr'>de</span> <span class='ocrx_word' id='word_1_181' title='bbox 768 3594 967 3656; x_wconf 75' lang='lat' dir='ltr'>1·&#39;0ttcuueouet¹</span> <span class='ocrx_word' id='word_1_182' title='bbox 980 3594 1019 3644; x_wconf 79' lang='grc'>46·</span> <span class='ocrx_word' id='word_1_183' title='bbox 1030 3593 1109 3644; x_wconf 73' lang='lat' dir='ltr'>abbe.</span> 
     </span>
     <span class='ocr_line' id='line_1_25' title="bbox 128 3682 1111 3747; baseline 0 -15"><span class='ocrx_word' id='word_1_184' title='bbox 128 3685 192 3732; x_wconf 66' lang='lat' dir='ltr'>§eus</span> <span class='ocrx_word' id='word_1_185' title='bbox 206 3682 275 3733; x_wconf 74' lang='lat' dir='ltr'>isan</span> <span class='ocrx_word' id='word_1_186' title='bbox 287 3683 320 3733; x_wconf 80' lang='lat' dir='ltr'>tle</span> <span class='ocrx_word' id='word_1_187' title='bbox 336 3683 531 3742; x_wconf 81' lang='lat' dir='ltr'>Foueaucourt‚</span> <span class='ocrx_word' id='word_1_188' title='bbox 543 3682 559 3732; x_wconf 78' lang='lat' dir='ltr'>a</span> <span class='ocrx_word' id='word_1_189' title='bbox 571 3683 595 3733; x_wconf 90' lang='lat' dir='ltr'>la</span> <span class='ocrx_word' id='word_1_190' title='bbox 605 3683 665 3734; x_wconf 81' lang='lat' dir='ltr'>date</span> <span class='ocrx_word' id='word_1_191' title='bbox 681 3684 713 3734; x_wconf 81' lang='lat' dir='ltr'>de</span> <span class='ocrx_word' id='word_1_192' title='bbox 727 3683 794 3747; x_wconf 72' lang='lat'>1312,</span> <span class='ocrx_word' id='word_1_193' title='bbox 804 3684 949 3734; x_wconf 82' lang='lat' dir='ltr'>intervient</span> <span class='ocrx_word' id='word_1_194' title='bbox 963 3698 1000 3733; x_wconf 90' lang='lat' dir='ltr'>un</span> <span class='ocrx_word' id='word_1_195' title='bbox 1014 3683 1111 3734; x_wconf 81' lang='lat' dir='ltr'>accord</span> 
     </span>
     <span class='ocr_line' id='line_1_26' title="bbox 134 3770 1112 3837; baseline 0.003 -18"><span class='ocrx_word' id='word_1_196' title='bbox 134 3771 230 3830; x_wconf 72' lang='lat' dir='ltr'>sabbe,</span> <span class='ocrx_word' id='word_1_197' title='bbox 247 3772 271 3821; x_wconf 87' lang='lat' dir='ltr'>le</span> <span class='ocrx_word' id='word_1_198' title='bbox 286 3772 369 3821; x_wconf 79' lang='lat' dir='ltr'>maire</span> <span class='ocrx_word' id='word_1_199' title='bbox 385 3776 411 3820; x_wconf 89' lang='lat' dir='ltr'>et</span> <span class='ocrx_word' id='word_1_200' title='bbox 432 3771 470 3821; x_wconf 90' lang='lat' dir='ltr'>les</span> <span class='ocrx_word' id='word_1_201' title='bbox 486 3771 563 3833; x_wconf 71' lang='lat' dir='ltr'>iures</span> <span class='ocrx_word' id='word_1_202' title='bbox 577 3772 610 3822; x_wconf 85' lang='lat' dir='ltr'>de</span> <span class='ocrx_word' id='word_1_203' title='bbox 630 3771 845 3837; x_wconf 82' lang='lat' dir='ltr'>Saint-Riquier.</span> <span class='ocrx_word' id='word_1_204' title='bbox 860 3799 890 3809; x_wconf 91' lang='lat'><em>-</em></span> <span class='ocrx_word' id='word_1_205' title='bbox 904 3770 973 3824; x_wconf 77' lang='lat' dir='ltr'>Olim</span> <span class='ocrx_word' id='word_1_206' title='bbox 989 3772 1027 3823; x_wconf 82' lang='lat' dir='ltr'>da</span> <span class='ocrx_word' id='word_1_207' title='bbox 1043 3771 1112 3824; x_wconf 84' lang='lat' dir='ltr'>Pur-</span> 
     </span>
     <span class='ocr_line' id='line_1_27' title="bbox 132 3858 987 3924; baseline 0.004 -17"><span class='ocrx_word' id='word_1_208' title='bbox 132 3864 150 3920; x_wconf 85' lang='lat' dir='ltr'>t,</span> <span class='ocrx_word' id='word_1_209' title='bbox 167 3859 196 3907; x_wconf 81' lang='lat' dir='ltr'>t).</span> <span class='ocrx_word' id='word_1_210' title='bbox 213 3858 334 3921; x_wconf 81' lang='lat' dir='ltr'>Grenier,</span> <span class='ocrx_word' id='word_1_211' title='bbox 351 3864 450 3924; x_wconf 83' lang='lat' dir='ltr'>paquet</span> <span class='ocrx_word' id='word_1_212' title='bbox 464 3859 488 3917; x_wconf 78' lang='lat'>4,</span> <span class='ocrx_word' id='word_1_213' title='bbox 504 3864 554 3910; x_wconf 83' lang='lat' dir='ltr'>art.</span> <span class='ocrx_word' id='word_1_214' title='bbox 570 3860 593 3910; x_wconf 86' lang='grc'>3.</span> <span class='ocrx_word' id='word_1_215' title='bbox 982 3869 987 3880; x_wconf 78' lang='grc'><em>“</em></span> 
     </span>
     <span class='ocr_line' id='line_1_28' title="bbox 129 3948 1111 4016; baseline 0.004 -18"><span class='ocrx_word' id='word_1_216' title='bbox 129 3948 258 3999; x_wconf 78' lang='lat' dir='ltr'>Venerunt</span> <span class='ocrx_word' id='word_1_217' title='bbox 273 3950 341 3999; x_wconf 86' lang='lat' dir='ltr'>dans</span> <span class='ocrx_word' id='word_1_218' title='bbox 355 3949 380 3999; x_wconf 87' lang='lat' dir='ltr'>lu</span> <span class='ocrx_word' id='word_1_219' title='bbox 394 3949 469 4013; x_wconf 84' lang='lat' dir='ltr'>copie</span> <span class='ocrx_word' id='word_1_220' title='bbox 485 3949 518 3998; x_wconf 83' lang='lat' dir='ltr'>de</span> <span class='ocrx_word' id='word_1_221' title='bbox 538 3948 605 3998; x_wconf 88' lang='lat' dir='ltr'>Dom</span> <span class='ocrx_word' id='word_1_222' title='bbox 626 3950 747 4011; x_wconf 74' lang='lat' dir='ltr'>Gramen,</span> <span class='ocrx_word' id='word_1_223' title='bbox 763 3964 794 4001; x_wconf 82' lang='lat' dir='ltr'>ee</span> <span class='ocrx_word' id='word_1_224' title='bbox 812 3951 860 4016; x_wconf 90' lang='lat' dir='ltr'>qui</span> <span class='ocrx_word' id='word_1_225' title='bbox 874 3959 937 4002; x_wconf 90' lang='lat' dir='ltr'>vaut</span> <span class='ocrx_word' id='word_1_226' title='bbox 951 3952 1041 4002; x_wconf 83' lang='lat' dir='ltr'>mieux</span> <span class='ocrx_word' id='word_1_227' title='bbox 1071 3950 1111 4003; x_wconf 90' lang='lat' dir='ltr'>vi·</span> 
     </span>
     <span class='ocr_line' id='line_1_29' title="bbox 128 4038 1064 4106; baseline 0.005 -18"><span class='ocrx_word' id='word_1_228' title='bbox 128 4043 188 4088; x_wconf 75' lang='lat' dir='ltr'>tent.</span> <span class='ocrx_word' id='word_1_229' title='bbox 208 4065 233 4074; x_wconf 96' lang='lat'>-</span> <span class='ocrx_word' id='word_1_230' title='bbox 252 4038 376 4089; x_wconf 79' lang='lat' dir='ltr'>L&#39;extrait</span> <span class='ocrx_word' id='word_1_231' title='bbox 390 4038 423 4089; x_wconf 82' lang='lat' dir='ltr'>de</span> <span class='ocrx_word' id='word_1_232' title='bbox 440 4038 551 4104; x_wconf 81' lang='lat' dir='ltr'>Bommy</span> <span class='ocrx_word' id='word_1_233' title='bbox 565 4038 655 4090; x_wconf 83' lang='lat' dir='ltr'>donna</span> <span class='ocrx_word' id='word_1_234' title='bbox 669 4040 821 4106; x_wconf 83' lang='lat' dir='ltr'>cupendant</span> <span class='ocrx_word' id='word_1_235' title='bbox 836 4041 909 4092; x_wconf 85' lang='lat' dir='ltr'>aussi</span> <span class='ocrx_word' id='word_1_236' title='bbox 923 4044 1064 4094; x_wconf 80' lang='lat' dir='ltr'>venerunt.</span> 
     </span>
    </p>
   </div>
   <div class='ocr_carea' id='block_1_9' title="bbox 0 0 1358 4854">
    <p class='ocr_par' dir='ltr' id='par_1_9' title="bbox 0 0 1358 4854">
     <span class='ocr_line' id='line_1_30' title="bbox 0 0 1358 4854; baseline 0 0"><span class='ocrx_word' id='word_1_237' title='bbox 0 0 1358 4854; x_wconf 95' lang='lat' dir='ltr'> </span> 
     </span>
    </p>
   </div>
  </div>
 </body>
</html>
