2708 4854
497 428 676 498 ..35-

124 608 154 648 m
169 592 249 648 etde
264 591 462 648 misericorde.
472 623 508 631 —
518 591 622 646 Gerrin
635 591 692 647 cito
706 592 723 646 a
738 594 838 647 llome.
856 625 890 632 -
904 594 941 648 Le
954 610 1027 666 pape
1043 596 1121 651 Leon

124 693 244 748 idonne
263 692 305 746 les
318 691 452 747 sandalos
465 692 516 747 dos
531 694 656 764 apbtres.
672 724 707 730 -
725 692 828 747 Gerrin
845 698 927 766 porte
946 693 972 748 le
986 709 1072 766 corps
1087 694 1122 749 de

124 791 166 845 int
181 792 273 861 Remy
288 790 347 845 lors
361 790 395 844 de
409 788 436 843 la
452 788 588 844 do'dioaoo
603 789 638 843 do
654 787 764 859 l'eglise
777 789 812 844 de
828 791 928 846 Reims
943 808 996 864 par
1008 791 1035 847 le
1050 808 1122 865 pape

124 902 179 941 eon.

124 1077 222 1167 tejus
238 1100 386 1168 regressu
404 1079 542 1148 instituit
561 1080 666 1148 dictus
682 1079 839 1148 Geminus
851 1078 946 1169 plura
962 1078 1120 1162 oratoria,

128 1207 198 1263 ntra
211 1206 338 1281 caetera,
351 1196 531 1286 prioratum
548 1197 587 1265 de
603 1196 708 1265 Veteri
723 1196 804 1263 l'illa
815 1195 908 1285 juxta
922 1197 1035 1285 Loilly
1051 1197 1124 1264 bm-

124 1312 216 1380 tensis
236 1312 395 1398 dioeaesis,
415 1323 446 1381 et
463 1314 496 1382 in
517 1314 659 1382 oratorio
678 1313 833 1403 imposuit
851 1313 1038 1381 sanctuaria
1055 1334 1124 1382 cor·

128 1425 255 1494 ssanoti
277 1426 409 1494 Lucinni
427 1438 459 1495 ot
474 1428 638 1497 sociorum
655 1426 726 1517 ejus
741 1451 749 1511 ;
769 1438 801 1495 ot
814 1428 847 1494 in
865 1428 979 1496 eodem
994 1428 1120 1518 episeo-

124 1563 146 1626 t,
158 1540 190 1608 in
206 1542 277 1610 loeo
294 1553 428 1626 secreto,
440 1543 622 1634 composuit
638 1564 740 1610 unum
751 1544 930 1613 oratorium
946 1544 1121 1612 innomine

124 1657 139 1725 >i
158 1657 303 1726 Gratiani
325 1659 474 1750 martyris
494 1660 679 1743 fundatum,
699 1659 777 1727 etin
796 1659 874 1727 silva
889 1660 984 1746 bugi,
1008 1660 1122 1747 gallice

141 1794 242 1841 unum
259 1773 293 1840 in
314 1775 444 1844 nomine
460 1776 547 1843 beati
565 1776 704 1844 llartini.
721 1777 760 1843 El
775 1775 863 1844 boris
879 1776 999 1864 quibus
1015 1776 1125 1845 divina

124 1890 311 1958 tutabantur
329 1891 362 1957 in
383 1892 518 1960 eeclesia
532 1892 640 1960 Sancti
655 1892 810 1977 Ricbarii,
826 1913 966 1982 semper,
986 1892 1124 1980 genibus

124 2003 158 2089 is,
179 2005 283 2073 stabat
302 2005 335 2072 in
355 2005 512 2092 oratione,
529 2029 639 2075 seeum
661 2007 814 2097 reliquias
833 2018 1019 2075 sanctorum
1035 2007 1092 2076 del
1109 2046 1124 2058 -

124 2144 143 2205 r,
167 2143 203 2191 ac
220 2123 246 2191 si
268 2123 378 2213 prius¹
396 2136 427 2192 et
441 2126 656 2215 personaliter
676 2126 877 2194 interfuisset
899 2126 933 2193 in
954 2148 1013 2194 sun
1038 2126 1124 2194 dictu

125 2239 200 2307 esia.
220 2241 337 2309 Parum
356 2242 559 2326 dormiendo,
583 2244 736 2312 continue
754 2244 946 2334 jejunando,
970 2244 1123 2313 continue

124 2377 184 2424 sam
205 2358 350 2447 qualibet
370 2358 422 2427 die
443 2359 637 2428 celebrando
654 2359 686 2426 in
706 2371 779 2428 ortu
796 2360 896 2445 solis;
916 2373 947 2429 et
967 2361 999 2428 in
1017 2361 1122 2429 noeti-

136 2473 311 2541 Nativitntis
327 2474 467 2557 Domini,
488 2474 590 2544 indie
611 2475 785 2560 Passionis,
808 2476 951 2562 Paschae,
974 2476 1008 2545 in
1027 2487 1121 2545 noete

124 2589 270 2673 ansionis,
283 2591 497 2675 l'enlooostes
517 2592 696 2678 Trinitatis,
712 2594 845 2662 loannis
857 2593 1020 2683 Baptistae,
1035 2593 1120 2662 Petri

124 2706 208 2787 buli,
232 2706 411 2792 Laurentii,
433 2708 685 2798 Assumptionis‚
707 2709 1118 2794 boutebln1·ioe,0mnium

124 2833 241 2890 ntorum
264 2834 296 2890 et
315 2824 451 2891 Androm
469 2825 618 2913 apostoli,
636 2837 709 2893 ante
728 2826 908 2916 quidquam
932 2825 1115 2895 comederet

131 2937 261 3022 biberet,
282 2939 315 3006 in
337 2939 473 3008 ecclesia
496 2941 619 3030 ubsque
644 2941 837 3011 intermedio
857 2942 983 3029 legebat
1001 2943 1120 3032 psalle·

124 3054 357 3123 nllnvidioum.
381 3056 506 3144 liquam
533 3078 650 3146 puram
673 3057 817 3143 bibebat,
837 3079 953 3147 panem
981 3057 1120 3146 siliginis

124 3189 172 3236 ron
191 3171 345 3239 frumenti
369 3193 444 3239 oum
468 3194 569 3260 parvo
595 3172 684 3262 pisce
708 3174 898 3242 comedebat
913 3176 939 3258 ²,
965 3185 997 3243 et
1021 3196 1121 3264 super

124 3305 217 3353 nnum
236 3307 338 3354 unum
352 3286 479 3376 jacebat
497 3299 529 3356 et
544 3288 746 3372 dormiebat;
766 3301 810 3373 et,
830 3310 896 3358 non
917 3290 1119 3360 obstantibus

125 3453 131 3481 ,
152 3402 319 3471 videbatur
341 3403 381 3470 ab
402 3404 555 3472 omnibus
580 3406 721 3495 repletus
742 3405 816 3474 vino
837 3418 869 3474 et
888 3406 993 3497 epulis
1009 3406 1119 3497 splen·

137 3629 248 3684 Proreus
262 3633 329 3684 dans
344 3634 369 3684 la
385 3634 461 3698 conio
477 3636 509 3686 de
525 3635 592 3686 Dorn
608 3636 731 3688 Grenier.

124 3719 232 3774 *Panem
246 3723 374 3788 tiliolum,
388 3729 448 3785 eto..
463 3730 534 3777 mots
549 3726 618 3776 omis
633 3726 702 3778 dens
719 3727 744 3778 lo
759 3727 835 3792 copie
849 3728 882 3779 de
894 3727 1002 3779 Boluze.
1013 3755 1039 3765 -
1052 3726 1118 3780 Sili-

124 3821 170 3861 rne
187 3812 243 3862 doit
261 3827 310 3878 pos
329 3815 385 3863 etro
404 3820 488 3873 exact,
506 3815 620 3880 puisque
642 3816 666 3866 lo
686 3821 742 3867 mot
760 3817 919 3882 signilleroit
933 3817 966 3868 de
981 3816 1035 3867 tres
1048 3816 1118 3866 bonu

124 3905 176 3949 ient.
190 3900 214 3951 l.
230 3902 263 3952 de
278 3902 304 3952 la
318 3902 444 3968 chapelle
460 3919 476 3954 o
491 3905 527 3955 db
542 3918 578 3956 ou
589 3904 672 3956 voulu
686 3904 770 3958 eontra
782 3907 963 3958 evidemment
973 3906 1069 3959 seculis
1082 3919 1117 3958 ou

124 3991 327 4055 intersticium,
343 3993 376 4044 de
392 3993 486 4058 seiglo.
