2708 4854
710 456 910 529 -taa-

277 641 377 711 super
405 620 558 689 omnibus
584 620 859 703 comestibilibus3
880 620 926 688 ita
938 620 1025 710 quod
1045 640 1204 691 mensura
1221 620 1339 691 boisteii

277 737 353 805 satis
372 737 592 805 vendebatur¹
613 736 657 806 tu
674 759 701 806 s.
718 736 785 804 tiri
806 747 838 805 et
857 737 1011 806 mulieres
1029 736 1234 808 inflabantur
1249 759 1338 828 super

278 854 393 923 itinera
408 866 440 923 et
455 854 691 939 moriebantur,
706 865 738 923 et
754 854 864 923 nulius
876 865 1003 945 poterat
1019 877 1216 926 succurrere
1232 856 1286 925 eis.
1303 856 1337 923 Et

278 971 352 1040 inde
370 991 456 1039 unns
472 968 730 1059 sapientissimus
744 969 888 1038 viromm
904 968 1091 1038 nominatus
1104 970 1335 1059 Egidiust'Au·

275 1087 384 1173 pretio
406 1087 496 1156 dedit
516 1086 686 1155 consitium
710 1086 873 1155 celebrare
894 1086 1011 1155 festum
1033 1086 1104 1155 Dei.
1125 1077 1219 1168 ouon
1239 1087 1334 1158 eonsi-

275 1205 354 1271 lium
369 1204 492 1295 placuit
503 1225 632 1273 summo
647 1201 806 1294 pontifici,
822 1214 853 1271 et
871 1203 1006 1273 ecelesia
1026 1202 1171 1273 militans
1186 1203 1335 1273 ordinavit

275 1320 438 1388 celebrare
458 1319 684 1389 universaliter
703 1318 783 1386 seria
803 1318 918 1408 quinta
932 1327 1006 1409 post
1024 1317 1144 1387 festum
1164 1317 1330 1387 Trinitatis.

274 1437 440 1506 Ordinarit
466 1435 683 1524 indulgentias
716 1456 790 1503 rere
816 1433 1063 1526 poenitentibus.
1090 1435 1144 1515 Et,
1164 1456 1231 1525 quo
1257 1435 1330 1503 cele·

272 1554 378 1637 beato,
397 1553 532 1622 cessarit
543 1554 645 1621 sumes
662 1551 865 1636 universalis,
887 1562 920 1619 et
937 1562 1024 1619 terra
1042 1550 1164 1619 sterilis
1179 1550 1241 1619 snit
1254 1550 1328 1618 mul-

272 1683 340 1738 tum
360 1670 474 1739 fertilis
499 1683 531 1738 et
552 1669 691 1737 maxime
717 1668 749 1736 in
775 1667 974 1736 abundantia
992 1666 1080 1736 bladi
1098 1678 1132 1736 et
1153 1666 1220 1735 vini
1237 1676 1278 1751 et,
1295 1686 1328 1733 ex

273 1786 495 1877 consequenti,
516 1787 654 1855 aliorum
676 1784 938 1853 comestibiiium.
956 1784 997 1852 Et
1015 1783 1075 1852 iste
1095 1783 1223 1875 primus
1239 1780 1326 1850 abbas
1350 1784 1353 1789 ’

273 1903 412 1993 portarit
426 1924 499 1972 eum
520 1901 726 1993 processione
750 1921 870 1992 eorpus
889 1899 1008 1969 Christi
1028 1899 1063 1969 in
1081 1899 1145 1969 hac
1164 1899 1236 1969 villa
1252 1898 1325 1968 mui-

271 2032 340 2088 tum
358 2019 557 2104 solemniter,
575 2018 660 2089 sieut
675 2018 772 2087 habet
787 2017 929 2087 cronica.

732 2322 869 2390 XXXVII

271 2534 391 2589 Breuem
410 2549 443 2588 nn
463 2533 611 2602 Genesim,
633 2534 678 2586 37⁰
699 2531 781 2601 abbe,
802 2533 880 2586 1318.
900 2562 935 2571 -
953 2529 978 2586 11
995 2546 1144 2602 gouverne
1163 2533 1195 2589 31
1210 2528 1314 2589 anteit

304 2633 390 2687 mois.
407 2663 441 2670 -
461 2632 482 2685 11
502 2645 639 2702 compose
660 2645 730 2684 aveo
749 2628 776 2684 le
796 2632 910 2684 maieur
929 2632 958 2684 et
976 2628 1018 2684 les
1029 2627 1113 2700 jures
1125 2629 1162 2687 de
1176 2614 1314 2703 Brnypeur

303 2731 353 2785 des
367 2729 459 2784 sesses
473 2732 502 2784 et
515 2745 591 2801 pour
605 2729 633 2784 lu
647 2728 748 2800 peche.
762 2759 795 2767 -
807 2727 829 2782 ll
842 2743 980 2799 composa
991 2742 1060 2784 avee
1075 2720 1168 2785 i'nbbe
1183 2733 1212 2785 et
1224 2728 1248 2785 le
1259 2742 1313 2785 eeu·

303 2833 372 2882 vent
388 2827 422 2881 de
437 2825 621 2881 Dommartin
636 2840 711 2897 pour
724 2825 751 2880 le
768 2825 852 2896 grain
870 2823 956 2896 qu'ils
976 2824 1121 2883 dernient.
1136 2858 1173 2868 -
1186 2827 1208 2883 11
1220 2825 1310 2891 uentu,

302 2942 337 2980 en
362 2928 441 2994 1326,
462 2925 490 2979 lo
510 2940 597 2980 conse
619 2927 648 2978 et
666 2923 693 2979 le
712 2921 763 2978 fiet
778 2923 813 2978 de
831 2922 1024 2980 Senarmond.
1043 2955 1078 2965 —
1096 2925 1275 2983 Destruetion
1284 2920 1310 2977 11

302 3024 408 3080 Cassel.
424 3054 458 3063 -—
474 3023 610 3078 Incendie
625 3020 744 3094 d'Xuxy,
763 3025 841 3080 1332.

314 3202 404 3291 (Xoir
422 3202 502 3271 Dum
525 3200 642 3270 Cotron
665 3199 941 3270 11111ηὸ11311.
960 3238 1004 3253 -
1024 3202 1109 3273 C’est
1131 3202 1216 3274 dune
1230 3204 1248 3271 a
1260 3206 1310 3271 tort
1350 3280 1353 3285 1

265 3340 328 3408 que
344 3319 373 3387 1.
394 3319 434 3386 de
450 3318 480 3385 la
496 3316 646 3406 Chapelle
659 3337 700 3385 ne
715 3316 774 3385 seit
788 3317 928 3407 prendre
941 3318 1039 3408 qu'en
1052 3310 1310 3389 13181111111111
1352 3333 1353 3374 t

260 3437 289 3505 le
307 3446 558 3523 gouremement
575 3436 615 3503 de
632 3434 804 3526 l'ebbape.)

306 3598 492 3666 Bannumus
505 3617 545 3666 nn
560 3597 739 3681 Gunssanr,
752 3596 937 3685 trigesimus
953 3597 1218 3688 septimusabbas
1228 3594 1310 3688 hujus

266 3713 417 3797 coenobii,
432 3712 561 3793 nobilis,
577 3711 717 3802 suscepit
733 3712 877 3800 regimen
895 3713 1055 3804 pastorale
1070 3725 1144 3805 pest
1159 3714 1310 3785 dominnm

261 3833 417 3900 ioannem
439 3832 477 3897 de
497 3831 714 3898 Foueuucourt
737 3830 891 3916 nobilem,
914 3851 999 3900 anno
1024 3830 1154 3902 Domini
1176 3830 1271 3919 1318,
1286 3836 1313 3897 et

290 4028 324 4093 (1)
345 4027 508 4080 Venderetur
522 4028 589 4079 dans
603 4028 629 4078 la
643 4027 719 4094 copie
734 4028 766 4079 de
781 4028 849 4080 Dom
862 4028 984 4082 Grenier.
