2708 4854
581 442 777 512 ‚-68-

156 607 224 676 site.
255 607 326 697 lpse
354 606 415 674 snit
439 605 597 674 orinndns
626 606 665 674 de
689 605 809 697 oppido
830 606 938 675 Senoti
961 605 1118 691 Riehnrii,
1135 617 1164 674 et

155 733 248 791 noete
268 745 333 812 qna
349 723 409 790 snit
429 733 603 812 conceptos
622 734 726 791 mater
747 723 817 812 ejus
834 723 868 790 in
888 722 1005 813 spiritu
1019 722 1100 791 vidit
1119 744 1162 790 nn

157 839 284 926 signnm
305 838 465 921 mirabile,
487 838 633 906 ridetieet
649 838 734 927 qnod
752 838 780 906 oi
799 839 969 907 videbatur
986 837 1096 907 videre
1113 838 1162 906 ein

156 957 223 1022 lom
237 977 292 1023 sen
307 976 418 1023 nonorn
430 965 486 1021 ont
498 953 669 1041 corrigiam
681 953 935 1023 circumdantem
946 965 1049 1024 toturn
1063 955 1162 1023 ambit

154 1090 323 1137 rnnrornnr
342 1069 423 1136 rittzn
438 1069 545 1137 Sancti
561 1068 704 1136 Richarii
722 1068 806 1137 sient
818 1069 923 1137 stabat
942 1068 975 1137 in
987 1091 1047 1139 sno
1061 1069 1160 1138 circui

152 1185 239 1274 qnod
255 1197 346 1275 poter
358 1197 389 1253 et
401 1196 505 1253 rnnter
516 1185 702 1253 tinnuerunt
714 1196 856 1273 gratnm,
870 1186 1034 1273 lendondo
1048 1186 1161 1255 Domin

157 1325 230 1370 enni
250 1303 431 1371 actionibus
447 1302 623 1390 gratiarum
645 1302 685 1369 de
705 1302 760 1370 toli
780 1302 870 1392 prole
893 1304 1016 1371 sutura.
1036 1304 1099 1373 lste
1114 1304 1164 1392 Ine

155 1441 276 1487 rannus
289 1419 351 1487 snit
367 1420 544 1487 instructus
557 1419 589 1486 in
606 1419 731 1486 ortibus
743 1418 944 1502 liberalibus,
956 1417 1105 1488 summus
1117 1440 1164 1508 gre

152 1537 302 1621 metiens,
319 1535 574 1624 legiensorntor
591 1546 623 1603 et
640 1534 798 1619 nursicus,
815 1557 834 1603 o
850 1535 944 1604 bento
956 1535 1127 1623 Fulgentio
1146 1532 1164 1602 C

152 1651 277 1719 nolensi
301 1651 453 1740 episeopo
475 1649 637 1737 gaudente
664 1650 704 1717 de
733 1648 788 1716 toli
819 1648 991 1740 discipulo.
1019 1649 1060 1718 Et
1084 1649 1124 1718 de
1151 1671 1164 1718 s

151 1766 321 1835 coetaneis
338 1787 400 1834 non
421 1776 490 1833 erat
505 1765 535 1832 ei
554 1764 679 1833 sirnitis.
703 1763 777 1832 Fuit
795 1784 933 1852 magnus
953 1762 1087 1834 moralis
1104 1776 1164 1833 etn

150 1905 233 1970 gnus
256 1884 435 1970 theologus,
462 1882 505 1949 itn
527 1882 626 1971 qnod,
649 1881 720 1970 ipso
742 1881 896 1950 existente
913 1880 1033 1971 jurene
1054 1881 1164 1970 religio

153 2019 206 2065 rex
225 1998 384 2065 Robertns
400 2006 478 2063 tnnc
499 2016 637 2083 regnans
653 2016 728 2063 enm
743 1993 836 2062 duxit
848 2015 958 2065 seeum
978 1994 1019 2063 nd
1037 1994 1162 2063 Roman

151 2116 332 2184 ecelesiam.
351 2114 484 2205 Semper
498 2115 670 2204 splendens
692 2124 723 2182 et
746 2113 779 2181 in
804 2095 1072 2203 operibnsbonis
1091 2114 1162 2182 luce

149 2245 181 2300 et
209 2232 304 2322 eoepit
335 2232 439 2299 secere
466 2252 538 2320 quse
563 2231 700 2298 docebat
726 2250 865 2319 semper,
886 2229 1039 2298 erudiens
1056 2229 1164 2299 indoet

151 2348 195 2416 De
212 2348 331 2438 quibus
357 2369 410 2415 ren
438 2345 552 2414 habuit
575 2345 743 2430 admirari,
772 2355 804 2414 et
827 2366 903 2414 enni
928 2345 1029 2415 noluit
1052 2347 1164 2415 multet

147 2572 328 2638 nntlrentiqne
347 2586 400 2638 qno
419 2585 449 2622 ce
468 2571 521 2622 soit
539 2571 586 2621 lui.
605 2571 645 2623 On
664 2570 690 2622 le
710 2570 789 2632 croit,
808 2569 973 2636 percoquit
992 2573 1034 2622 est
1045 2570 1085 2622 dit
1097 2568 1164 2636 qu'il

147 2662 264 2712 inhnmt·
277 2663 307 2712 in
322 2663 411 2728 cripte
424 2661 552 2712 interiori
568 2661 595 2712 n.
611 2659 645 2711 tt.
662 2664 689 2710 et
704 2660 785 2726 qn'on
803 2674 839 2712 no
858 2664 954 2712 trouve
973 2674 1030 2726 pos
1045 2661 1113 2712 dans
1125 2673 1164 2710 au

151 2751 265 2812 endroit,
277 2751 357 2816 qu'on
373 2765 389 2814 y
403 2751 440 2799 ait
454 2750 559 2800 enterrd
574 2763 708 2814 personne
723 2762 776 2814 que
791 2748 838 2800 lui.
854 2749 931 2800 Nous
945 2762 979 2799 on
992 2749 1094 2821 soisons
1110 2746 1164 2799 los

150 2838 252 2889 tetdo
273 2852 354 2890 mors.
380 2839 456 2888 Nous
478 2837 590 2887 n'evons
614 2837 671 2887 rien
699 2836 793 2888 trouve
817 2837 886 2888 dens
905 2834 930 2888 le
950 2828 1077 2888 tomh'eon
1098 2835 1130 2888 de
1143 2847 1162 2885 s

147 2928 298 2991 nngtlnort.

181 3035 193 3063 »
214 3018 284 3067 t'onr
302 3031 332 3067 ce
351 3017 397 3082 qui
417 3020 458 3067 est
476 3015 648 3080 d'Angelrnn‚
671 3028 740 3066 nous
754 3014 816 3066 n'en
831 3014 933 3066 tnisons
949 3015 1017 3078 rien,
1031 3028 1109 3081 porco
1122 3026 1164 3079 qu

149 3121 183 3157 ne
199 3105 223 3156 le
243 3112 336 3157 trouve
355 3106 463 3171 qnnlifid
483 3107 516 3156 do
535 3107 606 3156 seint
623 3119 676 3170 qne
691 3105 758 3155 dens
773 3119 810 3154 nn
826 3104 883 3155 seul
900 3104 1008 3155 endroit
1020 3104 1100 3170 qu’on
1114 3117 1129 3155 e
1142 3101 1164 3166 j⁴

147 3198 216 3246 dnns
232 3196 256 3246 le
272 3197 321 3246 Ms.
338 3195 486 3246 d'ttnrintse
502 3196 564 3246 d'nn
585 3195 722 3245 conectere
736 3193 871 3250 diffdrent,
889 3194 1098 3260 quoiqu'oneion
1109 3214 1115 3255 3
1126 3195 1160 3258 je

147 3286 223 3350 copie
244 3299 312 3350 pour
330 3298 397 3335 vous
417 3284 441 3334 lo
462 3284 528 3334 taire
546 3285 623 3345 noim
645 3283 662 3332 n
679 3296 836 3334 commence
849 3296 899 3348 per
913 3296 959 3334 ees
974 3288 1044 3336 mots
1059 3303 1065 3333 ι
1081 3281 1126 3334 no
1140 3290 1164 3330 st

148 3379 198 3423 eto.
210 3372 359 3437 odelgerus
370 3372 413 3435 n'y
424 3379 464 3422 est
477 3385 533 3437 pos,
544 3371 777 3436 quoiqu'tlnrintte
789 3384 823 3421 en
835 3371 909 3436 parte
920 3372 973 3423 tort
985 3371 1164 3424 honorantem<

149 3463 237 3522 volte,
252 3475 315 3512 mon
332 3462 472 3512 Reverend
489 3461 563 3522 Pero,
580 3465 639 3511 tout
652 3475 683 3511 oe
697 3474 750 3525 qne
763 3461 791 3524 Je
806 3461 867 3525 puis
881 3474 949 3512 vous
964 3461 1031 3513 diro.
1043 3461 1070 3512 Si
1085 3470 1153 3511 ceux

150 3553 250 3602 dtaient
265 3553 299 3602 ici
315 3551 450 3615 torsqu'on
470 3565 485 3601 n
505 3551 570 3615 pave
589 3557 666 3601 notre
685 3550 768 3614 eglise
785 3554 897 3601 eussent
910 3552 994 3616 penso
1009 3551 1025 3602 d
1040 3549 1164 3602 thistotre

150 3642 363 3705 Soint-Riquier‚
379 3640 411 3690 ils
426 3640 551 3690 aurolent
565 3655 600 3704 pn
616 3639 654 3690 lui
670 3640 774 3690 tournir
788 3640 820 3690 de
835 3639 922 3690 beaux
933 3641 1053 3692 endroits
1066 3653 1099 3691 en
1113 3633 1164 3688 tois

150 3729 259 3780 soniller
282 3735 389 3794 portent
412 3730 447 3779 oin
471 3728 524 3792 ily
543 3728 614 3779 nroit
635 3729 683 3779 des
703 3734 877 3779 monuments
899 3728 1056 3794 d‘ontiquitd
1074 3725 1152 3793 qu'ils

148 3819 243 3871 luisses
257 3818 391 3870 enserelis
405 3819 473 3869 dans
485 3817 511 3868 lo
526 3822 604 3879 terre,
617 3823 668 3868 ote.

736 3928 748 3952 »
764 3907 846 3958 Frere
862 3906 969 3960 Cnnnnn
984 3922 1017 3960 ns
1031 3908 1111 3959 Lnn...
1127 3917 1140 3950 t

272 3996 349 4061 (Doto
367 3994 490 4061 decretor,
502 4010 530 4064 p.
546 3996 572 4061 t,
588 4000 642 4051 ort.
657 3997 693 4055 3).
