2708 4854
470 399 687 467 ...97-

60 593 75 624 a
107 562 318 630 llenedielum
339 582 456 651 eorpus
474 561 568 630 nobis
588 562 723 628 nelalum
747 560 779 627 in
801 561 930 628 nomine
949 561 1089 629 Domini.
1109 587 1127 646 u

58 680 102 747 El
135 679 254 747 tumim
286 677 555 746 reedificaverunt
584 678 706 767 absque
735 688 857 766 quaesta
891 699 948 745 seu
981 689 1131 772 extranea

56 796 270 864 eleemosina.

590 1017 612 1071 ll

59 1170 182 1242 lmpiele
207 1173 236 1223 et
254 1169 398 1223 ambition
423 1169 458 1223 de
484 1168 598 1223 Gervin.
616 1200 650 1208 -
673 1171 742 1223 Vens
762 1164 863 1225 eonlie
883 1169 935 1224 lui.
955 1202 990 1209 —
1008 1171 1044 1225 Le
1059 1186 1130 1242 pape

98 1268 206 1323 l'nbuin
224 1267 266 1321 lui
287 1267 402 1321 odresse
423 1267 473 1320 des
489 1272 710 1322 remonlranees
729 1271 757 1322 ot
776 1267 818 1322 lui
838 1268 923 1322 retine
945 1266 1073 1340 l'ohbaye
1095 1268 1130 1324 de

97 1366 323 1436 Saint-lliquior.
338 1398 372 1405 —
386 1367 536 1421 Clameurs
548 1367 586 1420 du
597 1367 700 1438 peuplo
713 1364 888 1425 d'Abbeville
899 1371 999 1422 eonlre
1015 1366 1130 1422 Gervin.

98 1499 132 1505 —
144 1469 326 1522 lllunoeuvres
346 1467 380 1520 de
400 1468 515 1522 Gorvin.
536 1499 570 1506 —
590 1469 626 1522 Le
640 1467 743 1539 peuple
764 1465 913 1522 d'nmiens
929 1467 954 1522 le
969 1467 1082 1522 chasse.
1097 1497 1132 1505 -

100 1567 135 1620 Su
153 1569 240 1620 morl.

110 1745 155 1811 Ex
176 1746 328 1813 omnibus
348 1745 417 1814 islis
439 1746 555 1838 habuil
579 1747 753 1835 glorificari
777 1747 883 1816 dicius
908 1746 1077 1829 Geminus,
1100 1757 1132 1816 et

62 1861 257 1928 videbatur¹
275 1862 361 1951 quod
382 1863 490 1930 omnia
510 1865 593 1932 laeta
611 1875 702 1931 erant
720 1863 792 1932 suis·
805 1863 941 1948 meritis,
959 1884 1019 1931 neo
1035 1862 1132 1931 dabal

62 1978 201 2064 gloriam
221 1977 285 2045 Deo
314 2000 372 2046 nee
399 1980 541 2063 sanclis3
564 2001 624 2048 nec
653 1980 900 2049 conlenlabalm·
923 1980 963 2047 de
983 1979 1037 2047 tali
1056 2000 1132 2069 pro·

62 2095 189 2162 visione
210 2105 242 2161 el
267 2097 433 2183 quaerebat
461 2096 605 2164 ordinari
631 2097 801 2187 episeopus
825 2096 963 2185 alicujus
989 2097 1132 2165 eeclesiae
1231 2174 1236 2185 Ι

62 2211 261 2301 cathedralis
283 2223 315 2279 el
335 2214 474 2281 maxime
497 2213 734 2282 ambianensis.
758 2214 793 2281 ln
814 2213 906 2302 eujus
926 2235 1079 2304 processu
1101 2224 1132 2281 el

10 2314 13 2321 ’
61 2328 233 2414 diligentia
252 2349 385 2414 magnas
401 2327 499 2416 hujus
515 2331 658 2398 ecelesia
676 2330 824 2420 exposuit
840 2330 1006 2420 pecunias,
1025 2329 1057 2396 in
1075 2329 1132 2398 de·

61 2445 311 2534 paupertalione
326 2445 376 2513 sui
397 2458 583 2529 eonvenlus,
602 2457 633 2513 el
649 2447 736 2535 quod
756 2467 891 2534 magnus
911 2446 1047 2514 elenieus
1064 2456 1132 2513 mul
1201 2510 1211 2523 ,

61 2574 94 2629 el
114 2583 287 2652 apparens,
310 2563 394 2631 sieut
414 2562 536 2630 dictum
558 2573 617 2646 esi,
637 2562 766 2652 senipsil
780 2564 890 2652 plures
908 2563 1059 2652 epistolas
1075 2585 1083 2645 ;
1102 2572 1133 2629 el

63 2700 165 2768 sapei·
184 2678 304 2767 quibus
320 2679 431 2769 senipli
451 2691 527 2747 sunl
546 2700 655 2747 versus
676 2690 869 2768 sequentes:
1069 2682 1081 2697 ⁰

172 2849 248 2912 Quid
262 2851 328 2921 plns
344 2850 380 2905 iis
395 2849 542 2905 releram‘l
558 2853 610 2905 Per
624 2848 794 2921 quolidiana
808 2848 979 2922 promissu²

172 2948 271 3003 ambil
285 2964 350 3004 eain
365 2949 463 3004 sedem
477 2965 565 3019 quam
580 2948 707 3004 dicimus
722 2948 961 3018 ambianensem,

96 3125 130 3190 (ll
147 3124 178 3176 El
193 3125 218 3176 ei
232 3126 376 3178 videbatur
389 3127 456 3178 dans
472 3127 498 3178 la
513 3127 589 3192 conio
603 3128 637 3180 ile
651 3126 719 3178 Ilom
734 3128 854 3178 Grenler.

96 3217 132 3280 (2,
146 3217 275 3284 lmprime
287 3218 355 3269 dans
370 3219 513 3282 walchem,
528 3216 665 3285 Spieileoe,
682 3223 700 3270 l.
718 3219 753 3280 ll,
770 3233 795 3284 p.
811 3219 866 3277 355,
881 3221 908 3269 et
921 3219 990 3271 dous
1004 3217 1136 3272 l'llialoire
1221 3247 1227 3255 ·

70 3305 262 3371 ecclesiamque
277 3306 313 3357 uu
329 3307 359 3357 P.
375 3308 482 3371 lgnoco.
504 3307 642 3372 D'Achery
663 3321 732 3359 nous
751 3308 841 3358 donno
854 3320 923 3373 pour
936 3307 976 3359 les
988 3308 1058 3359 deux
1077 3322 1138 3374 pre·

72 3409 149 3447 miens
163 3409 241 3447 vens:

227 3494 285 3543 Quid
297 3494 348 3549 plus
359 3494 395 3536 his
408 3493 545 3541 reseramus.
558 3494 601 3536 nini
615 3507 663 3538 rem
671 3495 720 3550 jum
732 3495 809 3553 dlqero
819 3506 902 3538 uerum

226 3576 273 3618 Per
282 3574 338 3618 datu
348 3575 478 3631 proemIsso,
491 3587 532 3630 per
541 3574 675 3631 quotidiana
685 3576 809 3631 promissa,

103 3681 135 3734 le
150 3684 181 3736 Ρ.
196 3683 316 3748 Ignuce:

228 3781 286 3830 Quid
298 3780 348 3836 plus
359 3781 387 3823 iis
398 3779 517 3823 reiorum?
529 3781 575 3824 Per
587 3778 720 3836 quotidiano
734 3778 849 3835 promissa

227 3860 304 3904 ambit
315 3873 366 3904 eam
379 3861 465 3912 sedem,
478 3867 523 3907 ete.

106 3956 274 4026 Exuclomeal
287 3972 392 4011 comme
405 3958 432 4009 la
445 3959 521 4024 copie
535 3959 568 4010 de
583 3958 690 4011 Buluze.
708 3959 750 4011 Un
764 3973 824 4012 vers
843 3965 884 4011 est
898 3958 970 4011 ainsi
984 3959 1135 4025 supprime.

1014 4063 1029 4077 a

1020 4085 1026 4113 l
