2708 4854
492 437 734 519 -t07-‚

89 605 249 657 lunc-cent.
273 634 307 642 -
328 604 390 656 Don
412 601 447 656 66
469 583 717 672 simome'voque
735 601 769 656 de
790 603 926 658 Toumai.
950 635 983 643 -
997 584 1129 659 Auscher

91 717 235 774 reponssc
245 699 273 755 16
282 701 410 755 benefice
421 701 455 755 de
467 701 494 755 la
503 700 733 756 condamnation
750 701 801 772 qui
811 700 906 772 obligo
916 701 1128 774 Cumpdavaine

91 799 325 854 &reconstruire
349 797 458 870 l'eglise
482 799 517 853 de
542 798 772 870 Saint-Riquier.
797 831 832 838 —
855 801 1066 872 Cumpdavaine
1083 806 1129 870 est

92 895 261 950 condamne'
272 896 288 949 6
299 893 401 949 166666
412 893 540 966 l'abboye
551 895 585 949 de
597 896 802 967 Cercnmps—
811 896 943 952 Anscher
953 897 1131 953 reconstruit

92 993 224 1065 l’abbave
241 993 276 1049 66
292 993 511 1064 Saint-lliquier
525 1010 580 1047 avrx
594 993 664 1047 lrais
679 997 775 1048 meme
791 993 826 1048 66
840 992 968 1066 l'abbaye
984 995 1062 1051 etde
1077 1011 1131 1049 666

91 1107 198 1164 propre
222 1090 337 1163 666616
360 1091 497 1162 seigneur
516 1091 551 1146 do
572 1090 599 1145 16
624 1093 727 1158 1“6616’;
750 1091 802 1147 1611
827 1096 958 1148 66616616
983 1110 1034 1166 pur
1057 1095 1131 1149 Dom

92 1191 226 1245 Conon·

104 1378 165 1446 lsle
189 1379 358 1447 Ancherus
381 1379 598 1469 impetravita
618 1346 780 1450 Ludovico
797 1382 915 1451 Grosso
932 1401 1006 1468 rege
1027 1381 1127 1449 Fran-

57 1515 172 1561 corum
200 1494 409 1563 comilalnm¹
431 1506 462 1563 et
486 1495 678 1563 maiomtnm
701 1496 734 1562 in
761 1497 821 1564 hac
844 1497 918 1564 villa
939 1496 1047 1565 Sancti
1072 1497 1127 1565 Ri-

10 1676 20 1695 ,
57 1609 160 1677 ellarii
178 1633 185 1693 ;
209 1622 240 1679 et
260 1611 680 1699 6661616666166666116663
696 1612 728 1679 in
749 1635 807 1681 sua
823 1613 1031 1681 mullitudine
1047 1613 1126 1682 6116

59 1748 177 1814 magno
194 1748 330 1794 numero
343 1727 609 1817 conspiraverunt
622 1741 812 1818 extorquere
828 1740 859 1797 et
871 1731 1040 1798 annullare
1051 1729 1127 1819 jura

60 1854 183 1926 nostra,
211 1854 241 1910 el
268 1842 439 1910 voluerunt
463 1865 521 1911 nos
549 1844 654 1912 lacere
675 1843 836 1933 subjectos
860 1844 955 1911 talliae
976 1845 1073 1932 regiae
1096 1856 1128 1912 et

60 1960 184 2027 solvere
200 1971 327 2049 pastum
343 1959 481 2046 regium,
498 1960 697 2027 adnichilare
710 1960 877 2050 privilegia
889 1971 1011 2045 nostra,
1023 1961 1128 2029 lacere

62 2075 224 2159 excubias,
249 2086 381 2163 guetum
404 2086 435 2143 et
455 2075 615 2159 ineuhias,
639 2077 779 2145 relevare
796 2076 914 2144 lossntn
935 2098 1017 2160 sua;
1043 2087 1074 2144 et
1087 2076 1127 2143 66

63 2192 169 2259 omnia
192 2192 253 2261 iste
274 2192 421 2269 homines
444 2203 571 2261 nostros
594 2192 850 2282 subjugaverunt
875 2193 979 2280 ligios.
1004 2193 1128 2273 Quibus

67 2307 285 2392 consideratis,
307 2308 460 2396 praelatus
475 2309 643 2376 Ancherus
660 2320 692 2376 et
711 2331 789 2377 suus
809 2320 985 2377 conventus
1003 2307 1128 2399 suppli·

10 2452 13 2509 6
71 2435 215 2491 caverunt
232 2422 297 2512 regi
317 2423 480 2491 Ludovico
498 2425 527 2490 16
543 2425 621 2493 Grae
638 2424 724 2514 quod
741 2424 827 2492 dicta
840 2425 923 2493 lacta
938 2424 1126 2512 corrigeret.

10 2520 14 2553 ⁷
75 2537 109 2603 lit
131 2539 167 2606 66
193 2551 373 2629 requestam
397 2539 474 2607 dicti
494 2540 646 2624 Ancheri,
670 2540 702 2608 in
722 2540 855 2632 propriu
872 2562 1012 2632 persone
1028 2541 1125 2626 venit,

10 2658 17 2683 ⁵
77 2665 101 2720 el
114 2657 215 2725 omnia
231 2658 290 2726 ista
309 2659 498 2741 annullavit,
515 2659 696 2728 ordinando
714 2680 773 2728 nos
791 2659 910 2728 liberos
930 2670 962 2727 et
981 2659 1129 2728 homines

79 2781 199 2855 nostros,
214 2784 246 2841 et
256 2774 342 2862 quod
356 2774 465 2841 nullus
477 2773 599 2842 habens
610 2785 764 2858 castrum,
777 2794 836 2842 nec
848 2773 966 2864 aliquis
978 2773 1129 2864 princeps

81 2888 237 2956 elmavime
246 2889 454 2957 Gnitlelmosl
468 2910 574 2956 comes
585 2887 722 2972 Pontivi,
734 2888 774 2955 de
785 2890 921 2956 caelerol
934 2889 1129 2957 66611666-

56 3054 62 3063 .
83 3011 137 3067 rent
152 3005 354 3090 maiomtum,
372 3027 432 3073 nec
446 3016 577 3096 possent
594 3005 693 3096 recipi
716 3005 748 3072 in
769 3004 1013 3073 communitate.
1035 3005 1128 3075 Ordi-

83 3116 152 3186 mvit
173 3122 267 3190 etiam
291 3122 377 3212 quod
403 3122 504 3190 nostri
529 3144 712 3192 vavassores
736 3122 910 3191 servientes
927 3121 960 3190 in
978 3122 1077 3192 armis
1097 3135 1129 3190 et

19 3216 24 3223 ¹
80 3245 174 3305 0funes
196 3239 380 3307 edentes‘et
405 3239 545 3307 viventes
565 3238 707 3329 666666
728 3238 834 3307 Sancti
857 3238 998 3308 llicltarii
1021 3248 1128 3308 essent

16 3486 23 3499 ·
97 3448 126 3511 lll
143 3455 369 3514 Communilelem
387 3462 454 3514 6666
469 3463 494 3514 16
509 3463 585 3528 66616
600 3463 632 3514 66
648 3462 716 3515 Dom
731 3462 853 3514 Grenier.

15 3572 20 3613 ἰ
92 3536 125 3597 (1)
141 3545 266 3617 Soultgne
281 3552 350 3602 uinsl
366 3553 434 3603 6666
453 3552 478 3602 16
496 3552 572 3618 66616
588 3553 622 3604 66
636 3551 744 3604 Baluzo.
760 3552 808 3603 Cet
823 3551 887 3620 ipsis
902 3551 1014 3618 designo
1028 3551 1069 3604 166
1083 3551 1129 3602 hn-

13 3624 21 3705 1
70 3614 165 3686 Ι111616
178 3638 208 3690 66
222 3640 434 3706 Salui-Riquler.

12 3740 17 3769 :
87 3713 121 3775 13)
142 3722 338 3792 666666611666
351 3731 419 3781 6666
435 3732 460 3782 16
474 3731 551 3796 66616
565 3731 598 3782 66
613 3731 680 3782 Dour
695 3731 816 3783 Grenier.
832 3732 921 3797 Lacon
937 3730 1086 3782 meilleure.

11 3876 15 3889 Ι
87 3802 119 3860 ll)
141 3811 647 3887 (1661666666666616666166611661
663 3821 785 3872 Grenier.

86 3888 119 3951 ¹⁵3)
142 3898 272 3958 Eleatem
286 3908 355 3959 6666
370 3909 395 3959 16
410 3909 486 3974 66616
501 3910 534 3961 66
549 3909 616 3960 Dum
631 3911 753 3961 Grenier.

11 3986 14 3991 ’
85 3975 120 4040 (ὅ)
144 3987 202 4047 Nou
216 3997 269 4048 tres
284 3998 380 4049 inutile
395 3999 473 4064 66666
488 3998 577 4050 nullus
593 4003 691 4050 61666.
