2708 4854
694 424 900 505 y-tttt-

268 599 393 657 laurata
410 599 458 657 est
469 589 604 657 ccclesia
617 589 658 656 ab
671 589 759 657 omni
778 589 808 657 ri
820 600 853 658 et
868 588 1018 658 uiolentia
1030 589 1172 659 durante
1190 601 1333 684 tempore

268 705 424 794 inque'strc
444 726 504 795 per
516 705 604 795 ipsos
622 705 778 774 maiorem
794 716 826 774 et
845 706 995 775 scabinos
1008 706 1105 778 lacta.

314 821 374 890 lstc
399 820 552 889 dominus
576 820 711 908 Epidius
736 821 813 890 iecit
838 833 870 890 et
894 822 1082 912 procuravit
1102 823 1214 894 adbuc
1236 844 1330 894 unam

266 939 449 1028 inquestam
472 958 571 1028 super
591 936 718 1025 justitia
737 948 769 1006 et
788 938 934 1008 dominio
959 938 1058 1008 unius
1079 940 1277 1031 apprehensi
1299 942 1330 1009 iu

265 1056 352 1123 l'urto
375 1054 408 1121 in
433 1054 530 1122 domo
552 1054 826 1123 rl'Otremcacourt
850 1076 924 1144 qua
945 1066 994 1124 est
1017 1055 1121 1143 Nocul
1139 1056 1256 1127 Melia.
1275 1058 1329 1126 Per

265 1172 500 1261 speculatorem
515 1172 522 1216 ¹
549 1182 656 1239 amota
672 1181 721 1240 est
737 1170 767 1239 ei
782 1170 930 1239 auricula
944 1171 1051 1261 palam
1066 1170 1200 1262 publice
1211 1171 1245 1241 in
1259 1171 1327 1241 Gul-

266 1298 351 1372 tnra‚
363 1287 477 1375 gallice
492 1288 521 1354 le
536 1287 728 1372 carrorum,
745 1308 830 1356 anno
841 1286 966 1356 domini
978 1285 1080 1373 1257,
1092 1287 1226 1358 nemine
1236 1309 1326 1380 appo

266 1416 372 1473 nente.
393 1405 530 1494 Insuper
549 1426 634 1473 unus
648 1405 731 1473 latro
749 1404 789 1472 de
805 1404 930 1473 Ouillar
944 1403 1008 1473 luit
1025 1404 1263 1475 condemnatus
1273 1426 1326 1496 per

265 1520 430 1588 ballirium
447 1531 479 1589 et
494 1521 641 1590 homines
657 1520 811 1611 suspendi
829 1520 861 1587 in
876 1519 1034 1611 patibulo,
1057 1521 1190 1591 nemine
1205 1533 1322 1593 coutra-

265 1639 403 1708 dicente.

309 1755 419 1824 Dictus
437 1756 583 1843 Epidius,
602 1776 687 1824 anno
705 1754 805 1842 1260,
826 1755 1009 1847 impetrarit
1023 1756 1149 1827 litteras
1167 1756 1201 1825 in
1220 1755 1321 1827 assisia

264 1871 464 1940 ambianensi
489 1893 589 1962 snper
613 1872 765 1941 omnibus
797 1872 867 1942 istis
890 1882 922 1941 ot
948 1872 1123 1943 similibus.
1150 1875 1190 1943 Et
1216 1872 1320 1943 deinde

264 1988 418 2056 sustinuit
443 1988 580 2076 trigenta
606 1989 752 2079 quinque
778 1989 932 2058 articulos
957 1989 1202 2080 superjustitia
1219 2000 1318 2059 contra

264 2105 366 2173 dictos
385 2105 538 2173 maiorem
556 2117 587 2174 ct
599 2105 738 2194 juratos,
753 2117 784 2175 et
799 2106 832 2174 in
847 2106 943 2196 plena
959 2106 1073 2175 assisia
1090 2106 1233 2177 obtinuit
1243 2104 1318 2196 judi-

265 2220 350 2288 cium
371 2232 402 2289 ct
413 2219 573 2309 justitiam
592 2220 670 2288 huic
689 2220 845 2290 ecclesiae.

778 2473 814 2527 lll

264 2622 408 2677 Premiere
428 2622 557 2677 croisade
573 2622 608 2677 de
627 2623 705 2677 saint
724 2623 822 2691 bouis
845 2625 924 2678 taos.
939 2655 974 2662 -
987 2624 1142 2681 Damiette.
1159 2657 1195 2666 -
1208 2624 1311 2682 bullas·

300 2735 396 2773 soure.
407 2750 442 2758 —
451 2719 584 2773 bionnaio
601 2719 635 2774 de
650 2718 715 2773 cuir
728 2718 983 2788 lll-l'ondntion
996 2719 1049 2774 des
1062 2721 1311 2791 Quinte-Virtute.-

299 2818 460 2873 Fondation
476 2818 509 2872 de
524 2816 627 2872 l'ordre
644 2817 694 2871 des
711 2817 878 2873 Charlreux.
894 2849 929 2856 -
944 2818 1075 2875 Seconde
1088 2818 1231 2889 croisade,
1246 2819 1309 2873 taut.

298 2917 371 2971 Mort
386 2916 420 2970 de
439 2917 516 2971 saint
531 2915 628 2971 Louis.
647 2946 681 2954 —
701 2916 827 2970 llosume
847 2915 897 2970 des
916 2920 995 2971 actes
1015 2916 1050 2972 de
1068 2916 1156 2973 Gilles
1170 2918 1206 2973 de
1216 2915 1309 2973 trane

299 3018 393 3068 mont.
408 3045 442 3052 -
459 3015 495 3068 Sa
509 3017 597 3082 morl,
612 3015 691 3066 1290.

307 3174 401 3241 rinno
418 3175 545 3242 llomini
562 3174 680 3261 12583,
699 3187 829 3245 sanctus
851 3174 1033 3244 badericus
1054 3176 1111 3245 reri
1130 3176 1307 3245 Francorum

264 3311 337 3357 cum
363 3312 421 3359 sua
444 3290 557 3358 militia
581 3292 704 3381 accepit
731 3313 861 3360 crucem
886 3302 918 3360 et
942 3291 1160 3361 transfretavit
1176 3304 1306 3379 magnam

263 3426 364 3487 mare,
386 3416 417 3473 et
437 3405 522 3472 circa
542 3427 676 3493 regnum
692 3406 818 3497 AEgypti
836 3405 967 3474 intravit
982 3406 1159 3497 quamdam
1178 3420 1307 3493 magnam

262 3520 421 3589 civitatem
448 3521 645 3589 nominatam
668 3523 829 3590 Dumietle
847 3522 880 3590 in
902 3544 967 3612 qua
984 3521 1131 3590 fundavit
1148 3521 1253 3614 plures
1269 3536 1307 3585 et·

261 3638 386 3706 elesius.
411 3637 447 3705 ln
469 3660 617 3727 regressu
638 3651 667 3708 ct
687 3640 864 3723 redeundo,
881 3639 914 3707 in
936 3639 1077 3730 qttadam
1091 3638 1174 3743 ¹nilla
1193 3636 1273 3708 dicta
1286 3632 1309 3700 la

292 3812 327 3876 (1)
340 3810 552 3876 Speculatorem,
573 3810 598 3860 le
617 3810 761 3862 bourreau.
784 3808 952 3875 speculator,
972 3811 1069 3861 tortor.
1086 3836 1114 3847 -
1129 3810 1165 3862 V.
1178 3808 1216 3861 riu
1227 3804 1308 3869 oran·

291 3901 326 3963 (2)
341 3901 382 3953 On
397 3899 501 3966 appelle
517 3914 547 3951 ce
561 3899 615 3950 lieu
631 3899 802 3965 aujourd'bui
817 3899 844 3950 lu
859 3897 985 3951 Uottltrre.

292 3988 326 4054 (3)
340 3987 364 4039 J.
382 3987 416 4040 de
431 3987 456 4039 la
471 3986 597 4054 (Ihapelle
612 3986 675 4038 s'est
688 3987 791 4052 trompe
807 3987 841 4037 de
856 3986 900 4038 dix
913 3999 972 4037 uns.
