2708 4854
688 394 888 463 -l't'tl-

254 557 378 649 paruuli
391 558 535 642 claustri,
552 558 649 648 pauci
666 558 781 627 valoris
794 558 977 643 existentes,
994 579 1147 648 reparare
1166 570 1198 629 et
1213 579 1315 629 remu-

255 696 327 743 rare
340 674 544 764 proctnutit3
562 697 643 765 quas
653 675 856 766 operationes
869 675 1098 745 conducendas
1110 687 1143 745 et
1154 676 1315 746 solvendas

254 793 407 882 praelatus
422 793 641 859 lluudreclu‘es
658 792 861 861 sollicitabat.
880 793 972 877 ltem,
990 793 1249 882 praenominatus
1264 794 1316 862 Pe·

256 922 324 977 trus
341 931 507 997 magnum,
530 911 715 1000 pulchrum,
737 921 963 999 sumptuosum
984 920 1017 978 et
1034 911 1194 980 excellens
1210 909 1315 1000 bospi-

256 1026 336 1094 tium
354 1025 461 1093 abbati
488 1026 653 1094 sulliciens
672 1037 701 1094 et
732 1026 897 1109 idoneum,
919 1037 1032 1095 contra
1051 1047 1187 1115 magnos
1208 1046 1315 1094 muros

255 1146 325 1212 loro
344 1143 558 1225 adlurrcutcs,
582 1143 791 1211 rnadilfieare
813 1142 985 1228 inchoavit,
1006 1144 1093 1233 quod
1116 1154 1215 1213 antee
1234 1143 1315 1211 mille

254 1259 357 1343 libris,
369 1259 438 1348 ipso
454 1259 608 1327 existente
622 1259 807 1349 praeposito,
819 1258 880 1327 sibi
893 1259 1161 1348 praeeonstiterat.
1175 1259 1237 1328 Pro
1250 1258 1316 1348 ejus

255 1387 362 1444 autem
377 1375 557 1463 majoritate
572 1387 603 1444 et
619 1374 835 1443 excellentiori
849 1375 1063 1465 reparatione,
1077 1376 1166 1445 mille
1180 1388 1212 1444 et
1224 1375 1316 1466 quin-

255 1491 358 1579 gentis
371 1490 462 1557 libris
475 1490 681 1580 postmodum
698 1490 759 1558 sibi
773 1490 927 1574 constitit,
939 1490 1008 1574 sed,
1025 1511 1122 1558 causa
1134 1489 1212 1558 belli
1225 1490 1258 1558 in
1270 1489 1317 1557 his

254 1608 401 1698 partibus
432 1606 608 1691 existentis,
637 1608 678 1675 ob
708 1607 794 1696 quod
821 1606 926 1675 dietus
955 1608 1068 1675 l‘etrus
1097 1607 1139 1675 ad
1167 1606 1317 1675 Sanctum

255 1725 451 1793 tldomarum
471 1723 651 1813 repeditare
666 1722 790 1807 debuit,
800 1722 990 1813 adimplere,
1000 1722 1157 1812 perficere
1170 1723 1316 1813 quoque¹

255 1840 410 1930 nequiuit.
438 1840 641 1929 Quapropter
671 1838 748 1907 dicti
776 1838 934 1926 religiosi,
961 1838 1061 1906 abbas
1086 1849 1118 1907 et
1146 1849 1318 1908 conventus

255 1958 379 2023 fructus
394 1966 425 2023 et
442 1955 587 2023 redditus
609 1977 684 2023 suos
701 1954 846 2044 quotidie
866 1954 1056 2044 perdebant,
1072 1974 1133 2023 nee
1148 1954 1317 2023 denarium

256 2094 358 2141 unum
380 2094 570 2162 recuperare
592 2073 750 2140 valebant.

299 2219 391 2285 Anno
411 2216 511 2301 tlte,
537 2217 589 2285 bic
609 2218 733 2301 Petrus,
756 2215 867 2283 ridens
893 2226 925 2283 et
948 2225 1158 2305 perscrutans
1185 2215 1269 2285 bella
1291 2226 1322 2285 et

256 2333 366 2424 puelia
380 2333 490 2402 dietim
512 2344 746 2423 superventura
762 2344 859 2421 atque
875 2332 1121 2417 commovenda,
1138 2333 1321 2424 percipiens

258 2451 365 2539 itaque
384 2472 475 2517 suam
492 2449 714 2539 impotentiam
731 2471 768 2516 ac
786 2447 996 2532 debilitatem,
1020 2447 1186 2517 consuluit
1201 2447 1322 2535 magis-

259 2576 344 2633 trum
360 2566 517 2633 loannem
543 2563 613 2652 ejus
632 2565 763 2631 fratrem
790 2575 821 2631 ct
840 2563 920 2632 alios
944 2562 1078 2649 amicos,
1100 2564 1320 2654 proquodam

257 2681 353 2749 domo
374 2682 406 2748 in
420 2681 537 2749 Sancto
556 2681 716 2749 Odomaro
733 2679 869 2748 emenda
884 2702 892 2762 ;
913 2690 945 2747 et
960 2677 1026 2747 illic
1040 2699 1140 2748 unam
1153 2679 1195 2748 ad
1213 2700 1322 2770 quem·

257 2798 548 2884 (lamburgensem
575 2795 705 2864 nomine
728 2795 879 2884 Egidium
899 2796 938 2863 de
964 2794 1072 2884 Canop
1091 2796 1317 2885 pertinentem,

256 2936 357 3004 prope
375 2936 528 3002 magnum
548 2913 656 2981 lorum
682 2913 789 2997 sitam,
812 2911 963 2980 trecentis
981 2911 1073 2980 libris
1092 2923 1232 2981 monetae
1252 2932 1320 2981 eur·

257 3030 356 3099 rentis
368 3030 570 3119 emit,ctpr0
581 3028 651 3118 ejus
664 3028 926 3119 appropriatione
938 3039 969 3096 et
981 3028 1275 3117 reparatione,tam
1288 3028 1319 3096 in

256 3147 385 3228 tabulis,
397 3147 530 3230 lecticis,
541 3145 669 3230 bannis,
682 3145 839 3228 scabellis,
856 3166 953 3234 quatu
967 3144 1040 3213 aliis
1052 3145 1317 3235 supellectilibus,

256 3269 401 3331 trecenos
420 3263 518 3330 libras
539 3262 632 3329 dictae
649 3272 786 3330 monetae
806 3282 878 3329 eum
900 3260 1138 3351 quinquaginta
1156 3261 1316 3353 persolvit.

300 3379 454 3469 Ejusdem
474 3378 551 3446 anni
570 3378 614 3446 bd
633 3378 686 3446 die
708 3378 796 3463 maii,
815 3376 1070 3468 praenominatus
1090 3378 1193 3448 abbas
1209 3377 1320 3448 maiori

255 3497 391 3565 ctdictac
412 3497 492 3564 villae
512 3495 619 3564 Sancti
639 3494 790 3564 Odomari
813 3493 954 3563 scabinis
973 3506 1103 3564 eentum
1124 3507 1158 3566 et
1178 3495 1321 3587 quinque

254 3615 382 3681 francos
401 3634 438 3680 ex
452 3612 580 3680 redditu
599 3611 805 3679 hereditario
822 3609 899 3678 buic
913 3610 1171 3681 dictae'eoclesioe
1190 3611 1224 3681 in
1242 3612 1322 3701 rige

286 3864 321 3928 (l)
334 3863 412 3915 Ainsi
432 3877 485 3929 que
504 3863 571 3914 dens
591 3863 632 3913 les
651 3862 720 3913 deus
744 3861 835 3927 copies
854 3861 886 3913 de
901 3860 968 3912 Dum
983 3859 1099 3913 Grenier
1112 3863 1141 3913 el
1154 3861 1189 3914 do
1204 3860 1321 3943 Baluzo3

251 3954 432 4021 perficereque
446 3954 514 4004 daus
529 3951 643 4003 l'exlmit
657 3952 690 4003 de
704 3951 826 4016 Bommy.
