2708 4854
492 438 692 508 -lal-

56 603 155 688 nitas,
177 602 368 688 incontenti,
395 603 427 670 in
450 602 600 693 propriis·
615 601 763 692 personis
783 613 1014 692 aportarerunt
1036 602 1123 690 ligna

54 721 225 789 furcarum
245 742 302 790 seu
318 721 466 812 patibuli,
487 731 519 789 et
537 720 591 794 illa
604 720 691 809 ligna
705 719 931 810 imposuerunt
950 719 983 788 in
1004 719 1124 788 catenis

55 859 225 906 carcerum
251 839 476 928 superiorum
502 837 670 906 derisorie.
693 836 803 905 Dictus
822 838 922 906 abbas
944 836 1019 905 lecit
1039 837 1125 905 dicta

55 955 144 1042 ligna
158 976 217 1045 per
234 955 320 1045 ipsos
334 954 491 1024 maiorem
509 966 540 1023 et
557 954 822 1023 communitatem
841 953 1055 1044 reportari,et
1066 975 1126 1044 per

55 1070 223 1138 ballirium
241 1082 272 1138 et
286 1092 345 1161 per
358 1070 505 1139 homines
518 1070 662 1138 ecclesiae
676 1081 723 1138 est
735 1068 941 1159 adjudicatus
954 1069 1059 1138 dictus
1070 1069 1125 1136 sur
1166 1094 1168 1099 ¹

56 1188 213 1279 suspendi
234 1188 266 1255 in
280 1188 436 1279 patibulo,
452 1200 483 1256 et
499 1188 753 1256 emendaverunt
765 1189 787 1256 ¹.

100 1314 193 1382 Unus
217 1313 433 1382 homicidatus
464 1314 496 1380 in
523 1315 656 1381 nemore
681 1312 783 1381 sancti
814 1312 970 1397 Richarii,
995 1312 1030 1381 in
1053 1314 1124 1382 loco

54 1430 143 1498 dicto
159 1431 188 1497 le
203 1430 298 1498 Fuiel
308 1431 333 1513 ’ἦ
348 1430 408 1498 luit
426 1430 648 1520 apprehensus
665 1452 722 1520 per
740 1430 842 1498 dictos
858 1429 1014 1516 maiorem
1027 1441 1059 1498 et
1073 1429 1125 1519 ju·

56 1559 144 1615 ratos
160 1558 192 1615 et
212 1547 401 1615 inhumatus
419 1547 451 1613 in
473 1569 532 1616 suo
549 1547 705 1616 dominio.
729 1547 839 1615 Dictus
857 1546 955 1614 abbas
970 1546 1047 1616 lecit
1066 1568 1125 1636 per

56 1665 145 1755 ipsos
167 1675 332 1752 reportare
353 1674 384 1731 ct
402 1664 527 1732 restitui
544 1674 575 1731 et
591 1663 623 1730 in
641 1663 727 1731 dioto
748 1665 839 1732 loco3
853 1662 994 1753 sepeliri.

101 1787 141 1853 Et
159 1785 344 1853 immediate
360 1782 444 1874 post,
466 1785 571 1853 dictus
591 1786 702 1869 abbas,
723 1785 834 1854 ridens
851 1784 1011 1874 justitiam
1031 1806 1123 1853 suam

57 1904 173 1971 llorere
190 1915 221 1970 el.
232 1902 366 1992 pacifice
379 1903 522 1970 ecclesiae
537 1902 768 1992 adjudicatam,
780 1902 856 1971 lecit
866 1902 1055 1971 instituere‘*
1067 1923 1140 1991 per.

57 2041 133 2087 suos
155 2019 311 2087 balirium
330 2031 361 2088 et
380 2019 550 2087 servitores
567 2020 727 2088 sexdecim
746 2041 838 2088 casus
860 2019 1056 2104 criminales,
1072 2018 1126 2087 de-

59 2137 195 2204 claratos
210 2136 294 2204 loliis
312 2135 372 2204 tal
393 2147 425 2203 et
441 2135 518 2219 lib,
541 2135 594 2204 bio
611 2137 746 2204 umissos
764 2158 860 2205 causa
878 2136 1056 2204 brevitatis.

102 2264 194 2329 Anno
215 2261 342 2329 Domini
364 2260 478 2344 19570,
498 2261 575 2328 dicti
595 2262 699 2329 maior
713 2273 745 2329 et
761 2261 884 2329 scabini
901 2273 932 2330 et
946 2248 1047 2351 jurati
1067 2260 1125 2328 irn-

62 2388 268 2464 petrarcrunt
292 2376 323 2443 in
352 2375 443 2443 curia
470 2375 558 2463 rogia
581 2376 738 2465 quasdam
759 2376 881 2444 litteras
901 2376 1005 2463 regias
1025 2375 1125 2443 conti-

65 2504 170 2560 nentes
189 2493 276 2582 quod
297 2514 407 2560 omnes
426 2491 562 2560 scientes
576 2492 730 2560 terminos
742 2492 908 2559 banleucre
923 2491 1125 2560 declararent

65 2607 188 2676 ballirio
209 2608 423 2691 ambianensi,
453 2618 484 2676 et
506 2630 580 2676 cum
600 2609 723 2676 cautela
741 2609 889 2676 fecerant
907 2608 1026 2676 dictam
1047 2608 1125 2676 ban·

67 2721 183 2791 leucam
199 2723 358 2791 declarari
371 2734 402 2792 et
415 2722 601 2791 continerer
614 2723 772 2792 ambitum
786 2724 882 2792 unias
898 2724 1010 2794 leucae.
1021 2725 1125 2816 Super

68 2841 176 2927 quibus
194 2839 300 2908 dictus
314 2839 448 2927 Egidius
464 2840 614 2929 opposuit
629 2840 865 2925 contradicens,
882 2852 913 2908 ot
924 2864 983 2931 per
997 2841 1125 2931 inques·

69 2965 122 3023 tam
142 2957 204 3024 luit
225 2957 445 3024 declaratumss
466 2955 499 3022 in
524 2956 727 3025 Parlamento
747 2978 812 3025 non
834 2958 987 3026 excedere
1006 2958 1123 3027 limites

66 3092 114 3141 seu
137 3074 291 3143 terminos
309 3095 373 3162 pro
389 3095 476 3140 nunc
496 3074 615 3161 grossis
635 3073 797 3163 lapidibus
821 3074 973 3162 signatos.
997 3075 1036 3143 Et
1055 3097 1122 3144 res-

91 3288 121 3350 tl)
135 3286 351 3339 Suus-entendre
365 3286 458 3338 nautor
470 3289 494 3337 et
509 3290 698 3352 corrrrnuaa'tus.

91 3375 122 3436 tt)
137 3374 168 3426 le
192 3375 274 3426 l'urct
293 3374 361 3425 duas
380 3375 495 3426 l'extrait
515 3375 548 3426 dc
567 3375 689 3441 Bommy,
708 3376 777 3427 mais
796 3390 850 3427 une
865 3376 949 3442 partie
963 3377 1000 3429 du
1014 3377 1074 3430 bois
1088 3378 1122 3430 do

59 3456 257 3530 Salat-Riquicr
270 3471 345 3529 porte
359 3478 456 3515 encore
470 3463 495 3514 le
509 3478 572 3514 nom
587 3465 621 3515 de
637 3464 724 3530 Fuyet,
740 3465 794 3516 lica
809 3465 899 3531 pluntd
914 3466 947 3517 de
962 3465 1059 3518 lrdtres.

89 3555 122 3613 (3)
136 3553 252 3604 Nemore
265 3554 334 3605 duns
347 3552 461 3603 l'ealrait
476 3553 508 3603 de
524 3553 645 3618 Bommy.

89 3645 122 3704 (l)
137 3644 213 3694 Ainsi
228 3657 282 3708 quo
298 3644 365 3693 dans
381 3642 496 3694 l'extruit
513 3643 547 3693 de
567 3643 688 3708 Bommy,
709 3644 779 3695 mais
786 3645 950 3710 justificare,
965 3659 1033 3711 pour
1040 3647 1124 3713 justi·

56 3730 210 3783 clarescas
225 3731 316 3791 doato,
331 3731 399 3781 dans
414 3729 440 3780 lu
454 3730 530 3795 copie
544 3730 577 3780 de
592 3729 659 3781 Dum
674 3731 796 3783 Grenier.

89 3821 121 3879 (a)
136 3816 371 3883 Cornprctrendere
386 3818 456 3868 dans
471 3817 496 3868 la
510 3818 586 3882 copie
601 3818 634 3868 de
649 3817 716 3869 Dum
732 3818 864 3882 Grenier;
880 3820 1041 3873 contendere
1056 3821 1123 3880 duas

53 3898 170 3961 l'enrnit
183 3910 217 3960 de
233 3908 355 3973 Bommy.

87 4001 121 4065 (a)
136 3999 353 4052 determinatum
368 4000 437 4051 dans
450 3999 476 4051 la
491 4000 567 4066 copie
581 4000 614 4051 de
629 3999 697 4052 Dorn
711 4000 835 4056 Grenier.
