2708 4854
480 434 681 502 —lill-

47 598 214 664 llassourc
236 597 297 664 luit
316 597 356 663 ab
378 596 566 664 lnfidelibus
585 597 778 665 constitutus
797 596 1013 686 prisionarius
1040 613 1114 665 c'um

48 713 301 803 quampluribus
315 713 511 797 eluistianis,
527 735 609 803 quos
627 734 739 782 omnes
757 713 905 780 liberarit
918 725 950 780 et
965 734 1024 802 pro
1040 713 1118 802 ipsis

51 828 218 896 remansit.
239 828 277 895 Et
290 828 352 895 illis
367 829 472 896 catrsis
488 829 598 918 posuit
619 850 737 919 corpus
753 827 870 896 Christi
890 828 923 895 in
940 827 1117 896 carrtiorem

50 966 126 1012 curn
147 944 435 1033 depaupertatione
457 955 488 1012 et
503 943 721 1012 denudatione
739 942 836 1031 liujus
856 943 959 1031 regni.
980 943 1071 1012 Unde
1090 954 1122 1010 et

49 1060 213 1128 fabricare
229 1061 304 1128 seuit
319 1072 483 1129 monetam
500 1082 537 1128 cx
553 1060 659 1129 corio¹
674 1081 734 1149 pro
751 1071 838 1128 oerto
854 1071 1010 1149 tompore.
1032 1060 1120 1126 Fun-

50 1177 140 1244 clarit
157 1176 313 1265 hospitale
326 1176 438 1243 Trium
451 1175 587 1244 Centum
601 1175 781 1259 Caecorum
793 1175 907 1262 gallice
921 1177 966 1242 les
983 1174 1122 1256 Quinte·

59 1292 184 1378 l't'rtpts,
205 1290 357 1359 Parisius.
376 1290 535 1361 Fundarit
549 1291 697 1359 ordinem
722 1290 978 1358 Carturiensium
1003 1290 1036 1357 in
1061 1291 1123 1359 hoc

54 1428 168 1494 regno.
197 1408 236 1475 Et
257 1407 375 1476 iterum
394 1407 611 1476 transfretavit
628 1429 717 1475 mare
741 1428 895 1494 magnum
916 1428 1001 1475 anno
1022 1405 1122 1491 lilii),

56 1536 87 1591 et
103 1522 190 1591 diem
208 1523 323 1590 clausit
336 1534 515 1592 extremum
531 1523 563 1590 in
583 1524 722 1613 quadam
740 1523 867 1592 civitate
883 1524 968 1592 dicta
986 1525 1123 1593 Tlumcs.

58 1639 94 1705 ln
118 1637 188 1727 ejus
213 1658 361 1724 regressu
388 1639 471 1706 laeta
498 1650 574 1706 sunt
593 1638 720 1707 infinita
740 1639 909 1724 miracula,
931 1651 963 1708 et
981 1641 1126 1729 sepultus

58 1766 107 1822 est
126 1754 160 1820 in
181 1754 316 1822 ecclesia
330 1754 416 1823 beati
433 1755 588 1846 Dionysii.

109 1881 148 1949 Et
179 1881 239 1949 iste
273 1881 425 1949 dominus
460 1882 594 1968 Egidius
629 1883 667 1950 de
702 1883 917 1968 llucltemottt,
955 1895 1126 1974 postquam

61 1997 240 2067 construxit
254 1998 418 2067 castellum
436 1999 476 2066 de
493 1999 653 2086 Drugiaco
669 2011 701 2067 et
715 2000 903 2088 menagium
922 2000 962 2068 de
980 2001 1124 2084 lilrotlio,

61 2127 93 2182 ct
111 2126 183 2204 post
202 2112 448 2202 acquisitionem
476 2114 652 2180 multarum
669 2114 923 2204 possessionum,
946 2126 977 2183 et
995 2115 1125 2202 triginta

63 2231 154 2300 aunis
173 2230 354 2314 transactis
377 2252 462 2299 anno
484 2230 611 2298 Domini
639 2231 738 2316 teto,
760 2228 795 2298 l0
812 2254 914 2301 nonus
934 2233 1075 2320 augusti,
1097 2243 1130 2300 et

65 2359 207 2437 tempore
222 2345 362 2435 Philippi
380 2345 463 2433 regis
480 2357 512 2414 et
528 2346 586 2414 silli
604 2347 707 2415 sancti
722 2347 887 2432 Ludovici‚
903 2348 1067 2435 ingressus
1083 2362 1131 2416 est

66 2463 145 2530 riam
164 2461 271 2530 carnis
291 2461 463 2546 universae,
483 2473 513 2530 et
533 2463 677 2552 sepultus
691 2474 738 2531 est
755 2462 787 2531 in
808 2465 928 2554 capella
944 2464 1030 2552 beati
1048 2465 1131 2533 Lau-

68 2577 172 2661 rentii,
184 2576 270 2645 circa
283 2575 450 2645 introitum
465 2577 595 2646 claustri
614 2589 646 2646 ct
660 2590 733 2646 ante
750 2579 991 2663 dormitorium,
1002 2579 1035 2646 in
1050 2601 1132 2670 qua-

66 2694 138 2761 dam
171 2715 267 2782 capsa
296 2692 435 2782 lapidea,
463 2694 547 2762 sicut
575 2694 671 2762 latius
698 2694 917 2763 declarabitur
939 2695 1075 2765 inferius
1099 2697 1132 2764 in

68 2809 208 2899 capitulo
236 2808 360 2876 domini
387 2809 553 2876 Eustachii
584 2830 672 2878 nnnc
696 2810 848 2894 abbatis;
877 2822 909 2879 et
935 2810 1075 2898 legentes
1103 2823 1135 2881 ot

70 2926 210 2994 ridentes
238 2925 307 3014 ejus
334 2925 515 2995 mirabilem
543 2926 762 2997 inventionem
788 2929 955 2997 habebunt
979 2929 1134 2998 admirari

70 3054 99 3111 et
114 3044 315 3132 gaudebunt.

547 3351 654 3420 XXXV

70 3586 157 3657 (loos,
180 3589 226 3641 323⁰
245 3586 326 3656 abbe,
349 3603 521 3643 commcnco
537 3589 553 3642 t
567 3604 732 3659 gouverner
752 3605 788 3642 cn
806 3593 884 3645 1293.
904 3621 938 3628 -
953 3590 1139 3646 Destruction

107 3688 159 3743 des
178 3686 338 3759 Templiers
358 3688 518 3760 complaces
539 3703 590 3760 pur
608 3688 651 3744 les
675 3688 834 3744 chevaliers
858 3689 892 3744 dc
918 3690 1141 3746 saint-leande-

101 3922 136 3984 (l)
155 3920 193 3971 lle
210 3921 297 3972 memo
315 3921 384 3973 dans
397 3922 437 3974 les
451 3923 522 3974 doux
536 3923 626 3988 copies
641 3923 673 3973 do
688 3921 719 3972 Ι).
736 3922 848 3975 Greuier
863 3923 936 3975 etde
952 3924 1057 3986 Buluze,
1074 3923 1143 3974 mnis

68 4026 105 4066 on
122 4011 249 4077 pourmit
262 4009 406 4062 dechillrer
419 4012 487 4063 dans
501 4011 615 4063 l'entrait
628 4012 661 4062 de
677 4011 789 4077 Bommy
799 4026 832 4064 ec
841 4026 909 4066 «creo
920 4011 1141 4080 pour-exarasti.

1018 4116 1033 4168 9
