2708 4854
484 423 658 492 „025-

85 586 212 675 Capella
239 585 340 653 sancti
363 584 497 653 loannis
517 585 731 671 orangelistm
758 585 798 652 de
814 585 881 653 suis
897 585 1106 664 vestimentis,

45 702 110 769 Lini
130 715 160 770 et
175 702 255 771 Cleti
273 727 280 783 ;

85 819 214 908 Capella
233 819 336 887 saneti
353 819 582 902 Bartholornei,
599 817 692 906 cnjus
708 818 865 908 reliquiae,
883 819 985 888 sancti
999 821 1109 907 lgnos-
1134 904 1144 917 ι

46 935 83 1002 cii
103 935 146 1023 [l]
163 945 194 1002 et
215 935 406 1024 Polycarpi3

87 1051 213 1140 Capella
230 1051 332 1119 saneti
343 1050 495 1135 Simonis,
508 1050 601 1138 eujus
615 1050 772 1138 reliquiae,
784 1049 890 1117 Cosmi
903 1049 1107 1131 etDamiani;

88 1168 213 1259 Capella
234 1168 336 1236 sancti
355 1168 483 1251 Mathai,
502 1167 596 1255 enjus
614 1166 771 1255 reliquiar,
792 1166 888 1234 llarei
905 1176 936 1233 et
954 1161 1072 1248 Lnrae;

89 1283 213 1373 Capella
233 1284 335 1351 sancti
348 1284 453 1365 ledae,
475 1282 568 1372 enjus
591 1282 748 1372 reliquiar,
772 1282 903 1350 Nazarei
922 1293 953 1350 et
973 1282 1107 1363 Vitalis3

90 1400 214 1490 Capella
235 1400 337 1468 sancti
355 1399 467 1468 laoohi
486 1398 611 1488 Alphei,
631 1398 724 1486 cnjns
746 1398 903 1488 reliquiae,
920 1398 1062 1467 Gervasii
1079 1406 1111 1464 et

56 1516 176 1584 lrotasii
193 1541 200 1600 ;

93 1632 215 1722 Capella
228 1632 329 1701 saneti
343 1632 481 1716 llatlrire,
491 1654 528 1699 eo
530 1631 585 1720 jus
598 1631 755 1720 reliquiae,
767 1631 863 1699 Clarii
876 1644 907 1700 et
917 1632 1107 1719 Augustini3

95 1746 216 1837 Capella
244 1747 346 1815 sancti
369 1746 525 1816 Gabrielis
556 1745 617 1812 luit
646 1746 793 1813 dedicata
822 1757 933 1814 octavo
961 1746 1110 1813 calendas

64 1864 167 1951 aprilis,
184 1864 237 1932 die
257 1863 520 1931 Annuntiationis
540 1861 724 1946 dominicae,
740 1884 850 1930 versus
867 1862 1029 1951 porticum
1046 1884 1110 1929 rno-

67 1977 206 2047 ridiannm
224 2004 253 2062 ;,.

101 2093 216 2186 Capella
229 2097 331 2165 saneti
347 2097 508 2164 llielraelis
522 2096 554 2163 in
567 2108 660 2186 porta
674 2095 852 2164 occidentis
870 2095 965 2163 tertio
982 2095 1107 2163 calend.

71 2207 223 2280 decembris
239 2237 247 2294 ;
671 2212 674 2216 ’

104 2324 216 2416 Capella
236 2327 339 2395 sancti
359 2327 529 2416 llaplraelis
549 2338 736 2395 consecrata
755 2327 898 2395 secundo
918 2348 1019 2395 nonas
1037 2348 1109 2416 sep-

75 2441 178 2511 tenbris
199 2466 311 2512 versus
335 2455 461 2533 portam
485 2445 781 2534 septentrionalem.
811 2445 850 2512 Et
873 2445 951 2512 istas
972 2444 1109 2533 capellas

76 2561 239 2629 consecrarit
259 2563 349 2630 losse
364 2562 534 2651 episeopus
550 2562 786 2630 ambianensis.

558 2863 592 2915 lV

79 3027 225 3092 lnnslation
252 3037 291 3093 dn
317 3054 400 3110 corps
417 3039 452 3093 de
476 3040 553 3094 saint
575 3040 703 3110 Riquier.
724 3071 757 3078 —
778 3039 913 3110 Ro'iques
932 3041 1075 3110 envopees
1094 3039 1109 3091 εἰ

104 3124 189 3201 l'eglise
203 3136 236 3191 de
252 3136 465 3207 Saint-lliqnior
476 3153 528 3209 par
543 3137 569 3191 lo
585 3154 656 3209 pape
670 3139 757 3192 Leon.
770 3168 803 3174 —
816 3134 966 3206 :ingilbert
979 3133 1031 3190 fait
1040 3133 1109 3189 loire

106 3229 169 3286 lrrize
183 3234 299 3290 chasses
315 3233 376 3289 d'or
391 3240 419 3290 et
433 3234 572 3306 largent,
588 3241 643 3291 ote.

112 3423 245 3501 Clrarolus
262 3454 399 3520 magnus
420 3434 597 3524 imperator
612 3445 644 3502 et
660 3445 760 3502 rex-ot
779 3433 885 3501 dietus
903 3432 1109 3520 ingilbertus

82 3532 154 3634 abitas
173 3547 202 3614 in
222 3549 363 3638 propriis
386 3549 533 3638 personis
556 3549 752 3616 studuerunt
777 3549 965 3616 translatore
992 3571 1109 3638 corpus

82 3656 154 3722 seneli
169 3659 303 3730 lliolrarii
327 3685 346 3729 a
367 3663 491 3731 tumulo
506 3664 611 3731 lerro¹
631 3663 664 3730 in
684 3664 802 3730 leretro
818 3683 874 3729 sen
897 3684 992 3751 capsa
1011 3683 1110 3729 aurea

113 3883 127 3938 ll
144 3886 354 3947 Translalere.....
370 3894 451 3960 serre,
469 3896 610 3963 repetition
627 3896 730 3947 inutile.
743 3895 974 3961 Latlhapelleerlt
986 3909 1021 3960 pu
1032 3893 1109 3959 epor-

83 3980 129 4028 llll
139 3977 158 4030 lt
168 3986 280 4048 premier
294 3985 405 4037 infinitis
418 3987 542 4038 barbare.
