2708 4854
667 346 845 416 ..56-

222 507 317 593 muri,
337 517 482 598 tempore
502 508 646 578 Lothmii
665 509 750 597 regis
773 509 884 599 puius¹
906 510 1060 580 Ludovici
1080 511 1162 580 sexti
1177 513 1201 598 2,
1224 535 1290 604 quo

224 636 370 714 tempore
383 624 485 692 tinivit
501 624 594 693 tentia
611 625 777 713 generatio
794 647 906 714 regum
920 626 1075 696 Francim.
1095 626 1157 696 iste
1176 629 1291 698 Lotha·

223 741 291 810 nius
312 763 367 808 rex
386 740 530 828 regnauit
550 740 587 809 31
612 740 705 809 annis
722 751 752 810 et
769 743 914 832 sepultus
932 753 979 811 est
998 742 1032 810 in
1052 743 1189 812 eeclesia
1203 745 1289 814 beuti

219 857 356 946 Remigii
375 857 552 926 Remensis.

749 1393 759 1445 l

225 1596 389 1663 lxonunsnn,
402 1598 448 1648 21Θ
459 1594 541 1663 obbo,
555 1593 672 1650 d'ubord
684 1596 782 1650 moino
794 1596 829 1651 de
840 1596 994 1652 Corhie.—
1004 1597 1026 1650 ll
1036 1612 1188 1668 gouverne
1200 1598 1297 1654 Saint-

260 1692 380 1763 Riquior
397 1709 435 1746 nu
456 1697 548 1764 temps
568 1693 602 1747 do
623 1693 720 1762 Louis,
736 1694 781 1748 fils
799 1694 834 1748 de
853 1694 996 1750 Lothuire.
1012 1726 1047 1734 —
1061 1697 1182 1767 Hugues
1196 1697 1296 1769 Capiet.

259 1822 293 1829 —
308 1792 359 1845 Sos
374 1789 499 1845 onsunts.
512 1822 546 1830 —
558 1793 610 1862 Apg
620 1791 727 1846 unition
743 1792 777 1846 de
792 1793 869 1847 saint
882 1792 985 1864 Volery
995 1794 1012 1848 u
1022 1795 1141 1864 Hugues
1151 1794 1251 1867 Copet.
1262 1825 1297 1834 -

261 1887 380 1959 L'egiise
396 1889 430 1943 do
447 1889 660 1960 §nint-{tiquier
671 1891 876 1946 reconstruite.
891 1923 925 1931 —
939 1891 1070 1947 Arnould
1082 1891 1156 1947 rend
1168 1892 1196 1947 le
1210 1909 1298 1966 corps

262 1988 296 2042 de
312 1988 388 2042 soint
404 1989 531 2060 itiquior.
548 2020 581 2027 -
596 1991 666 2043 Vens
681 1991 768 2046 ecrite
782 1991 855 2046 dans
867 1991 894 2045 lo
907 1991 1009 2047 chasse
1026 1991 1066 2046 du
1081 1992 1169 2047 seint.

274 2193 366 2282 (Voiu
386 2194 543 2281 liminiie,
564 2196 642 2264 livre
663 2196 838 2282 troisieme,
860 2197 1006 2288 ehupitre
1024 2197 1167 2288 XXXII.)
1242 2238 1248 2249 ι

277 2366 531 2436 lnomnunnus³
550 2368 724 2456 vigesimus
743 2369 869 2459 primus
890 2369 989 2438 abbas
1005 2367 1221 2454 centulensis,
1245 2391 1301 2458 ge·

232 2503 369 2549 nerosus
386 2491 416 2548 et
429 2481 558 2566 nobilis,
579 2483 685 2572 primo
703 2484 881 2552 monachus
898 2481 1113 2567 CorbeiensiS,
1133 2482 1217 2551 nexit
1230 2505 1301 2552 mo·

236 2595 414 2666 nestorium
439 2598 638 2686 temporibus
657 2599 810 2667 Ludovici
826 2598 884 2665 filii
900 2597 1057 2683 Lemouii,
1075 2597 1134 2687 qui
1155 2598 1303 2687 regnauit

238 2714 334 2783 unico
353 2736 449 2783 anno.
472 2715 523 2799 Et,
542 2715 612 2805 ipso
631 2727 772 2800 mortuo,
796 2715 895 2805 ooepit
910 2735 1045 2803 regnare
1064 2736 1151 2785 anno
1168 2714 1300 2784 Domini

235 2830 297 2900 081
326 2831 420 2918 Hugo
446 2831 556 2920 Caput,
584 2831 670 2899 filius
692 2831 838 2920 lingonis
867 2831 974 2920 magni
1004 2830 1132 2900 comitis
1161 2831 1202 2901 de
1225 2832 1300 2901 Poi-

236 2949 323 3017 tiers.
352 2949 391 3015 Et
415 2947 480 3016 iste
499 2949 593 3036 Hugo
618 2948 732 3016 hahuit
756 2960 820 3017 tres
842 2949 936 3033 filios,
962 2949 1110 3017 uidelicet
1134 2950 1298 3033 Ottonem,

234 3065 411 3135 {leonicum
429 3075 458 3134 et
473 3066 643 3154 lingonum
663 3066 762 3157 Cupet
774 3065 922 3134 comitem
940 3064 1051 3155 palatii
1064 3065 1258 3136 Panisiensis
1270 3077 1302 3134 et

234 3180 351 3248 ducem
370 3180 647 3248 Aureiinuemem.
666 3182 727 3249 Iste
747 3181 841 3268 Hugo
858 3180 956 3270 Capet
976 3180 1037 3247 fuit
1055 3201 1109 3248 nex
1129 3201 1196 3248 non
1216 3181 1301 3249 eleo-

237 3305 300 3379 tus,
322 3296 377 3364 sed
392 3295 500 3386 rapuit
514 3317 662 3384 reguum.
681 3297 731 3381 Et,
748 3295 819 3386 ipso
836 3296 1029 3380 dormiente,
1048 3295 1203 3386 apparuit
1221 3295 1251 3364 ei
1269 3295 1300 3363 in

234 3409 351 3500 spiritu
373 3421 503 3480 sanetus
524 3410 714 3479 Vuetariens
733 3411 789 3502 qui
814 3410 912 3478 dixit:
941 3435 957 3478 u
980 3409 1140 3479 Dominus
1168 3411 1302 3479 mandat

264 3633 298 3698 (l)
316 3633 408 3687 Putris
420 3635 488 3686 dous
502 3633 530 3686 lo
544 3635 620 3700 copie
634 3636 667 3687 de
682 3635 749 3688 Dom
764 3635 887 3687 Greuier.

263 3724 299 3786 (2)
318 3723 391 3774 Pour
404 3723 503 3790 quinti.

269 3822 304 3886 (3)
322 3822 446 3873 Hariulse
465 3821 588 3890 l'uppelle
606 3824 767 3889 lugeturdus
785 3822 934 3891 (Spteilege,
955 3837 981 3889 p,
1001 3821 1068 3887 325),
1087 3827 1115 3874 et
1134 3821 1204 3876 «teon
1224 3823 1258 3876 do
1276 3821 1302 3874 lu

234 3909 361 3976 Chupelle
378 3910 417 3962 lui
432 3912 522 3963 donne
536 3912 597 3977 pius
610 3912 666 3964 loin
681 3913 707 3964 le
721 3914 808 3964 meme
822 3926 894 3964 nom.
