2708 4854
661 423 705 435 -
729 382 795 451 roe
817 422 862 435 .-

266 549 370 615 lberto,
383 548 498 619 rosigno
512 547 539 603 le
554 530 719 603 monastero
735 552 817 603 entre
827 546 870 601 los
881 546 978 601 mains
990 544 1030 601 du
1044 560 1119 619 pape
1128 545 1235 601 Culixtc
1247 543 1288 615 lll,

265 645 342 701 alors
357 646 373 699 al
389 645 533 715 briguon.
545 677 579 685 -
588 644 707 700 llaladic
718 645 752 700 de
764 644 859 699 Pierrc
873 643 900 699 le
912 646 1019 700 Prdtrc.
1030 674 1066 685 —
1079 645 1117 700 So
1129 643 1289 717 promotiou

265 762 302 799 nu
318 748 549 815 gourernernent
568 744 603 798 de
621 742 759 815 l'ubhaye.
775 774 810 782 -
824 740 846 797 ll
861 742 959 797 donne
975 758 1030 798 son
1046 740 1132 797 office
1149 740 1185 797 dc
1198 742 1290 815 prdvdt

263 843 279 895 d
294 843 415 913 quues
430 841 465 895 de
482 839 686 895 lburdrecbies,

272 1012 385 1079 Postea
399 1010 552 1099 praelatus
571 1008 663 1096 llugo
679 1007 756 1076 dicti
770 1006 959 1076 monasterii
973 1007 1087 1093 abbas,
1102 1007 1160 1097 qui
1173 1008 1240 1077 lere
1252 1018 1292 1077 to

228 1141 292 1195 tam
299 1126 473 1216 juvenilem
483 1124 903 1208 aetateml‘arisiisduxerat,
914 1124 990 1192 illuc
1003 1145 1173 1212 regressus
1184 1135 1290 1210 est,ct,

228 1255 391 1312 senectuto
409 1264 596 1333 oppressus,
613 1241 716 1311 utatis
734 1241 939 1331 septuaginta
959 1262 1122 1310 annorum
1144 1243 1289 1326 existens,

229 1361 372 1447 regimen
391 1372 423 1429 et
441 1359 753 1427 administrationem
773 1358 850 1427 dicti
872 1358 1059 1427 monasterii
1079 1358 1187 1427 cidem
1202 1360 1290 1428 Petro

230 1478 421 1569 Presbyteri,
452 1479 485 1545 in
507 1478 737 1568 temporalibus
760 1488 792 1545 ct
821 1477 1059 1566 spiritualibus,
1079 1477 1292 1568 quadriennio

227 1594 410 1677 commisit;
438 1593 677 1661 conditionibus
703 1604 811 1661 tamen
835 1592 1046 1682 sequentibus
1071 1592 1288 1677 observandis,

230 1709 433 1793 ridelieetut,
445 1709 580 1796 singulis
593 1709 771 1793 mensibus,
787 1709 873 1777 idem
889 1708 1153 1777 domnusPctrus
1166 1708 1291 1797 triginta

229 1837 319 1894 scuta
340 1848 440 1893 aurea
461 1847 535 1893 cum
563 1826 740 1916 eaponibus
764 1824 950 1910 duodecim,
973 1824 1120 1910 Parisiis,
1141 1823 1291 1915 impensis

228 1942 381 2031 propriis,
390 1942 429 2009 ad
440 1942 590 2010 eumdem
601 1941 769 2029 lingonum
779 1942 905 2010 descrrc
919 1940 1111 2025 tenebiturl,
1123 1952 1155 2009 ct
1164 1940 1292 2031 insuper

230 2058 396 2145 religiosos
414 2058 453 2126 dc
470 2058 556 2126 rictu
575 2070 606 2125 et
624 2058 740 2126 restitu
760 2057 897 2147 aliisquo
913 2056 1104 2125 necessariis
1123 2056 1290 2140 ministris,

231 2174 396 2242 olliciariis
410 2186 441 2242 ct
453 2174 577 2242 eniteris
590 2173 777 2242 monasterii
792 2172 1002 2241 servitoribus
1014 2172 1199 2263 providere,
1204 2171 1292 2262 juxta

229 2291 305 2359 dieti
322 2291 508 2359 monasterii
524 2290 603 2357 ritus
615 2301 659 2374 ct,
677 2288 940 2373 eonsuetudines,
951 2298 994 2374 ct,
1005 2289 1033 2357 si
1046 2288 1157 2378 qu0d2
1174 2286 1291 2357 residui

227 2417 321 2490 essct,
344 2406 377 2472 id
395 2406 435 2472 ad
456 2405 599 2474 ecclesian
615 2404 771 2472 fabricam
787 2404 959 2472 conferret.

271 2524 346 2590 Post
363 2522 530 2590 biennium
547 2520 897 2605 re1·o,videlicctanno
914 2517 1014 2603 1457,
1025 2518 1134 2609 prima
1147 2517 1200 2587 dic
1212 2527 1294 2587 octo

228 2641 308 2724 bris,
327 2639 412 2707 idem
428 2639 522 2725 llugo
537 2639 648 2723 abbas,
670 2637 810 2706 sentiens
830 2659 864 2706 se
884 2657 948 2706 non
969 2656 1064 2727 posse
1087 2634 1292 2704 administra-

231 2757 308 2826 tioni
329 2756 405 2823 dieti
429 2756 615 2823 monasterii
637 2757 720 2823 ultra
742 2776 867 2839 vacare,
890 2754 980 2822 etde
1004 2752 1178 2843 probitate,
1197 2751 1293 2821 disci-

227 2871 328 2962 plina,
357 2870 490 2938 seientia
514 2881 544 2938 et
564 2870 709 2938 moribus
740 2868 968 2959 praenominati
999 2868 1085 2938 Petri
1114 2868 1292 2952 confidens,

229 2986 349 3075 Spiritu
379 2985 495 3053 Sancto
526 2985 655 3068 ductus,
682 2983 846 3052 constituit
872 2994 903 3051 et
927 2983 1114 3051 solemniter
1136 2981 1295 3051 ordinavit

228 3124 303 3170 suos
327 3111 430 3170 certos
450 3111 688 3190 procuraturos,
709 3099 857 3167 videlieet
870 3098 1064 3167 balduinum
1083 3080 1229 3183 Rmcaecl,
1248 3097 1294 3165 ri-

231 3240 303 3286 rum
324 3217 477 3301 nobilem,
502 3215 691 3303 magistrum
713 3216 869 3283 loannem
894 3214 935 3282 de
954 3213 1070 3284 Sancto
1090 3214 1242 3284 Richario
1260 3214 1294 3282 in

229 3333 401 3402 Parisiensi
421 3332 662 3401 conservatione
677 3341 934 3421 procuratorem,
950 3341 981 3398 et
993 3330 1186 3419 magistrum
1202 3332 1296 3400 loan-

228 3473 301 3519 nem
319 3451 465 3532 Salmoo,
488 3448 630 3518 eeclesia
657 3447 831 3535 collegiata
850 3446 1066 3516 Abbatisrillae
1085 3447 1294 3532 canonicum,

228 3565 410 3658 specialiter
422 3576 452 3633 et
464 3584 611 3653 expresso
624 3563 663 3630 ad
676 3562 905 3651 resignandum
919 3563 1043 3632 dictum
1055 3584 1152 3633 suum
1164 3584 1296 3634 monas-

228 3683 345 3752 terium
362 3682 395 3748 in
410 3680 560 3748 manibus
577 3679 772 3748 sanctissimi
793 3664 916 3747 domini
933 3679 1036 3749 nostri
1053 3700 1148 3771 papan
1167 3680 1294 3768 calixti,

260 3853 295 3916 (l)
313 3851 460 3905 Teneretur
474 3852 541 3903 dans
556 3850 670 3902 l'cntreit
684 3851 716 3902 de
731 3849 853 3918 Bommy.

258 3947 293 4012 (t)
308 3943 378 4009 Orrid
392 3946 461 3997 dans
475 3944 591 3996 l'extrait
604 3945 637 3996 do
652 3944 775 4010 Bommy.
