2708 4854
506 385 704 455 -1372

63 555 181 642 gimon
203 552 300 642 hujus
321 551 476 620 occicsiae.
499 530 570 643 ipsc
595 549 775 620 construxit
794 571 955 618 cameram
975 548 1136 634 donoro,

67 691 146 759 quae
159 665 281 736 dicitur
292 668 321 734 tc
332 668 420 734 basse
433 667 524 748 suile,
542 666 623 734 otin
635 665 748 733 cadom
763 664 963 733 morabatur.
980 665 1051 755 ipsc
1064 664 1139 734 iecit

68 786 248 876 depingere
269 805 360 852 arma
378 774 525 852 omnium
549 793 581 852 ot
603 783 805 870 singulorum
828 793 1013 851 nostrorum
1034 804 1140 851 vavas-

69 922 184 969 sorum
206 912 238 969 et
252 900 421 968 hominum
439 900 590 988 ligiorum
611 910 643 968 et
662 898 850 967 ioodalium.
872 899 943 989 lpse
959 899 1143 990 composuit

70 1039 148 1086 cum
174 1016 315 1085 dominis
333 1015 498 1085 Noretrae¹
518 1037 578 1107 pro
604 1015 791 1084 hominibus
806 1015 925 1083 nostris
943 1016 1141 1110 66116ευί11-

68 1140 159 1202 co'urt
170 1158 184 1215 ,·
206 1144 239 1202 ot
257 1135 410 1203 sustinuit
426 1133 507 1203 duos
524 1150 696 1225 processus
714 1154 861 1221 magnos,
876 1133 911 1200 in
925 1133 1045 1222 quibus
1062 1133 1142 1202 obti-

71 1248 145 1316 nuit
172 1259 285 1317 contra
311 1249 460 1317 abbatom
487 1259 518 1317 ct
545 1259 736 1317 conventum
764 1249 803 1315 de
826 1248 1064 1336 Dompmurtiu
1081 1270 1140 1338 pro

71 1386 174 1453 grano
203 1364 311 1433 dobito
333 1388 432 1456 super
451 1387 579 1434 censam
603 1366 648 1433 du
671 1366 828 1454 Qucsuoy.
853 1366 932 1433 ltom
958 1365 1141 1455 composuit

71 1503 146 1548 cum
169 1482 346 1570 lngran0‘2‚
365 1482 518 1551 fratribus
539 1493 570 1551 ct
588 1483 755 1552 sororibus
775 1481 871 1549 Vallis
893 1482 933 1549 do
958 1481 1136 1566 Abbavilia,

71 1619 172 1688 super
187 1598 281 1667 torris
297 1599 416 1668 nostris
428 1599 490 1666 Alti
503 1599 641 1683 Vittaris,
653 1599 765 1687 gallico
782 1597 926 1667 Ouuillcr
938 1598 970 1678 ³‚·
985 1608 1016 1665 ct
1032 1597 1138 1665 adhuc

72 1713 113 1782 de
131 1715 284 1805 praesonti
300 1715 404 1783 maior
423 1726 455 1783 ct
471 1716 594 1784 scabini
609 1715 783 1783 Abbavillaa
804 1724 910 1783 tonent
927 1713 1136 1804 compositio-

73 1851 161 1916 nem,
181 1831 262 1899 nihil
281 1831 390 1900 addito
406 1842 462 1899 aut
481 1843 616 1900 remoto.

536 2111 538 2115 ’
574 2089 631 2206 'ru

74 2346 208 2413 minua,
231 2347 278 2399 40ο
304 2345 385 2415 abbo,
412 2344 488 2400 natis
510 2344 545 2399 do
572 2346 754 2415 Bourgognc‚
780 2358 928 2415 gouvarna
953 2358 989 2397 on
1013 2345 1091 2397 1369.
1107 2373 1141 2381 -

108 2444 231 2498 Nommc
255 2443 327 2498 abbo
353 2443 387 2499 do
413 2445 550 2515 Fescamp
573 2459 609 2498 cn
634 2444 721 2512 Caun,
747 2443 768 2498 il
789 2442 883 2513 quitto
908 2441 1021 2497 bicntot
1043 2441 1141 2496 Saint-

109 2542 238 2612 Riquier.

119 2722 209 2810 (Voir
229 2723 307 2791 Dum
327 2721 444 2792 Cotron
465 2723 624 2791 al'annoc
639 2721 754 2812 1361.)

119 2895 308 2977 Pruurrm,
326 2893 391 2962 40⁸¹
407 2894 505 2962 abbas
524 2893 621 2983 hujus
636 2894 711 2979 loci,
730 2894 791 2963 l'uit
808 2893 879 2984 ejus
897 2915 1066 2963 successor
1084 2893 1143 2962 im-

74 3008 247 3077 mediatus.
278 3010 355 3077 Erat
379 3010 494 3078 nobilis
518 3009 558 3078 do
585 3011 774 3099 Burgundio
800 3010 970 3079 oriundus.
1000 3011 1142 3099 Regebat

73 3147 161 3195 anno
176 3124 303 3194 Domini
322 3124 408 3195 1369
421 3127 445 3193 4.
467 3127 570 3194 Pauca
585 3127 625 3196 dc
641 3127 712 3217 ojus
727 3126 806 3196 actis
824 3126 1044 3218 reperiuntur,
1063 3126 1140 3216 quia

102 3323 138 3386 (l)
157 3321 279 3374 Ttmrotte
298 3324 364 3374 dans
384 3323 409 3374 la
429 3324 506 3389 copia
525 3325 559 3375 dc
575 3324 642 3376 Dum
657 3324 788 3386 Granium
810 3322 927 3392 Narona
942 3324 1009 3375 dans
1026 3323 1052 3375 ln
1066 3323 1142 3388 copie

72 3412 104 3463 de
120 3411 236 3474 Baluzo;
257 3410 376 3464 Taureae
392 3413 460 3464 dans
474 3412 588 3465 l'axtrait
602 3414 635 3464 do
650 3414 773 3478 Bommy.

103 3504 138 3564 (2)
155 3503 191 3554 Lu
205 3504 281 3569 copie
301 3505 334 3555 do
354 3504 421 3555 Dom
441 3504 555 3556 Grenicr
571 3504 660 3557 donne
680 3519 742 3556 cum
762 3504 893 3569 rnuoistro
909 3518 940 3555 co
954 3503 1001 3570 qui
1014 3503 1070 3555 doit
1087 3503 1143 3554 atro

72 3592 97 3642 la
111 3593 185 3644 vrato
199 3592 287 3658 tooon.

102 3683 137 3742 (31
152 3680 264 3734 Ouitters
280 3682 346 3734 dans
362 3683 477 3735 l'extrait
492 3683 524 3734 da
539 3683 660 3748 Bommy.

104 3771 139 3830 (t)
154 3771 268 3822 suivant
289 3772 315 3823 tu
332 3768 420 3823 Gallio
439 3771 607 3833 Christiana,
627 3773 674 3841 qui
696 3772 720 3825 le
739 3786 848 3824 nomme
867 3770 991 3835 Philippa
1006 3770 1044 3821 du
1060 3769 1141 3830 Fusae,

74 3874 108 3910 on
124 3860 148 3911 la
165 3867 258 3912 trouve
272 3861 340 3912 abba
358 3862 406 3914 dos
423 3862 481 3913 1365
496 3866 523 3914 at
543 3862 610 3914 1368.
630 3863 700 3915 C'est
715 3863 738 3914 le
750 3863 790 3914 to·
805 3862 879 3913 aussi
894 3860 930 3912 du
948 3860 976 3909 P.
994 3861 1099 3925 ignaro,
1117 3858 1141 3909 la

74 3952 114 4001 ro·
128 3950 161 4002 da
177 3951 203 4001 iu
218 3947 315 4003 Gallia.
