2708 4854
502 381 698 449 -l8l-

62 545 221 631 ccclesiae,
237 554 268 627 ct
283 545 408 612 alarum
425 543 504 612 dicti
523 543 712 634 campanilis
726 554 821 627 tecto,
837 555 869 612 ct
888 565 948 634 pro
966 544 1128 612 cathedris

61 661 303 746 construendis
319 660 441 729 eisdem
461 671 622 729 mercatos
642 671 701 744 est,
728 681 800 749 qum
824 659 866 727 'ab
887 659 933 728 eis
953 659 999 750 (ni
1019 660 1131 750 praelia

61 779 336 869 supervenissent}
357 778 536 847 successive
553 778 864 847 continuabanturt.

105 897 200 981 Item,
214 895 468 986 praenominatus
486 896 585 963 abbas
604 895 687 962 hanc
706 895 886 979 ecclesiam,
905 917 964 985 per
978 896 1132 986 praedicta

60 1011 175 1103 praelia
183 1010 312 1100 penitus
325 1011 524 1089 demolitam,
533 1021 598 1079 toto
607 1032 713 1101 posse,
726 1032 878 1102 reparare
890 1022 921 1079 et
934 1011 1132 1081 reaedificare

61 1127 272 1211 contendens,
295 1128 397 1224 multa
416 1127 502 1196 dona
521 1138 552 1196 et
568 1138 763 1227 sumptuosa
782 1149 918 1196 munera
934 1128 1038 1197 eidem
1059 1149 1132 1197 con-

60 1244 188 1328 tribuit,
210 1241 357 1312 ridelicet
371 1254 512 1333 quatuor
524 1244 690 1312 columnas
706 1265 819 1328 aercae,
837 1245 902 1314 duo
920 1245 1055 1314 brachia
1074 1268 1131 1314 cu-

59 1383 140 1452 prea
164 1380 274 1428 cereos
302 1359 506 1443 sustinentia,
533 1360 688 1429 habentes
716 1372 857 1450 quatuor
881 1362 1011 1449 angelos
1036 1361 1131 1430 dictis

60 1476 222 1547 columnis
234 1476 468 1567 superpositos,
481 1478 683 1567 etquoddam
699 1477 950 1547 instrumentum
970 1481 1130 1565 tornatile,

59 1594 175 1683 gallice
186 1594 317 1677 crocitet,
331 1594 370 1662 ad
389 1594 611 1684 recipiendum
625 1617 742 1685 corpus
756 1596 884 1664 Domini
899 1596 1006 1665 medio
1021 1598 1132 1666 altaris

59 1711 276 1800 suspendens,
298 1719 329 1777 et
348 1732 449 1777 unum
471 1707 678 1798 magnum'et
703 1722 870 1779 extensum
899 1713 1130 1782 candelabrum
1198 1781 1205 1794 ,

60 1848 116 1894 ser
144 1846 251 1894 ramos
278 1847 415 1916 cupreos
438 1826 606 1910 continens
625 1849 734 1895 coram
757 1849 874 1915 magno
893 1829 986 1897 altari
1007 1830 1131 1899 consis-

60 1953 143 2010 tens.
172 1942 235 2010 Pro
261 1940 381 2031 quibus
409 1941 560 2010 omnibus
587 1942 691 2010 tribus
716 1942 859 2011 millibus
887 1954 1074 2012 sexcentum
1100 1957 1130 2014 et

58 2057 297 2148 quinquaginta
312 2057 403 2125 libris
421 2057 688 2146 ponderantibus,
712 2059 840 2126 cuidam
859 2060 1030 2128 mercatori
1048 2060 1129 2127 Bru-

57 2172 151 2261 gensi
164 2171 382 2260 septingentas
394 2172 506 2255 libras,
519 2172 565 2240 rel
578 2193 615 2241 eo
630 2172 728 2256 circa,
740 2184 876 2242 monetae
891 2175 1050 2242 currentis
1058 2196 1129 2266 per-

57 2287 163 2356 solvit.
185 2288 278 2371 ltem,
301 2307 398 2354 unam
415 2288 557 2377 aquilam
577 2288 823 2376 evangeliariam
840 2289 1086 2378 quadringentis
1099 2302 1130 2359 et

58 2403 192 2491 triginta
215 2402 319 2470 tribus
341 2403 431 2471 libris
453 2403 708 2493 ponderantibus
729 2404 965 2494 quinquaginta
981 2407 1127 2497 quinque

58 2519 150 2588 libris
162 2519 348 2588 octodecim
359 2517 470 2587 solidis
482 2530 514 2587 ct
526 2541 580 2587 sex
592 2520 820 2611 denariis‚pro
830 2522 1127 2611 quacumquelibra

57 2637 78 2704 ἢ
95 2659 123 2704 s.
144 2634 165 2702 6
181 2635 214 2704 d.
230 2636 414 2724 persolvens
430 2635 517 2703 dicto
537 2636 699 2726 operario,
718 2637 807 2704 emit.

25 2755 28 2757 ’
103 2754 196 2837 ltcm,
218 2773 278 2843 pro
295 2773 360 2820 uno
383 2752 562 2840 horologio,
582 2774 642 2842 pro
662 2753 835 2843 campanili
854 2754 948 2823 dictae
968 2755 1125 2840 ecclesiae,
1209 2762 1223 2785 ⁸

56 2865 266 2937 sexcentum?
279 2864 370 2935 libris
384 2868 596 2958 ponderante,
612 2863 827 2958 quadraginta
841 2870 939 2938 libras
952 2870 1046 2939 dictae
1063 2859 1129 2940 mo·

56 2997 141 3054 nctae
158 2983 288 3052 cuidam
304 2984 454 3075 operario
472 2984 602 3074 d’lppre
619 2985 752 3053 tradidit
767 2997 797 3054 et
811 2986 969 3076 praebuit3
985 3009 1044 3078 pro
1062 3010 1127 3078 quo

55 3101 191 3192 quidem
221 3101 388 3190 horologio
415 3112 479 3170 tres
506 3103 722 3192 campanellas
756 3103 909 3172 intonitas
940 3104 1126 3194 quingentis

54 3231 86 3288 ct
99 3217 338 3309 quinquaginta
355 3228 477 3307 septem
489 3219 580 3287 libris
593 3220 822 3309 ponderantes,
832 3220 994 3311 sexaginta
1012 3242 1125 3291 norem

55 3334 149 3403 libris
168 3333 341 3403 duodecim
362 3333 473 3403 solidis
489 3344 520 3402 ct
536 3356 590 3402 sex
608 3334 750 3402 denariis
768 3334 897 3403 cuidam
917 3336 1126 3426 campanario

54 3453 147 3521 omit.
167 3451 259 3535 ltcm,
282 3471 342 3539 pro
356 3449 466 3538 magni
483 3449 593 3518 altaris
614 3451 723 3519 tabula
738 3449 826 3520 1843
847 3451 946 3520 libras
961 3452 1123 3542 persolvit.

87 3621 121 3684 (l)
136 3617 183 3672 Sic
196 3618 265 3670 dans
275 3618 314 3670 les
326 3618 416 3684 copies
427 3618 460 3670 de
474 3619 541 3670 Dom
551 3619 666 3670 Grenler
675 3623 701 3670 et
712 3619 745 3671 de
756 3619 870 3682 Beluae,
884 3620 1127 3674 contutiuobuoltrr

54 3701 126 3752 dans
142 3698 256 3749 l'entrait
270 3699 303 3749 de
318 3698 447 3764 Bommy,
464 3699 532 3750 deux
546 3699 709 3765 verbespeu
723 3700 914 3776 satislolsants.

86 3781 123 3844 tl)
138 3780 176 3830 La
189 3779 265 3845 copie
279 3779 312 3830 de
328 3779 394 3830 Dom
409 3779 523 3830 Grenier
537 3780 627 3831 donne
644 3781 714 3831 1600.

85 3859 252 3924 (aldamum
269 3861 404 3927 octoginta
422 3863 540 3927 quotuor
558 3859 643 3912 libros
664 3876 698 3913 cn
719 3861 782 3913 ellat
796 3861 865 3914 dans
886 3861 911 3914 lo
925 3862 1078 3928 chronique
1093 3863 1126 3914 do

56 3943 126 3996 nom
141 3944 246 3992 cotton.
