2708 4854
508 436 687 504 -27-

55 606 162 676 saneti
175 600 398 694 simphoriani
411 611 443 669 et
454 601 495 668 de
506 598 704 678 vestimentis
719 597 790 688 ejus
802 595 935 679 mairie,
949 595 988 662 de
1001 593 1127 662 ossibus

59 733 251 792 sanctornm
280 730 458 809 marturani
493 717 711 807 sequentium,
741 714 914 798 Paneratii,
941 712 1126 802 Pamphilli,

58 839 201 907 duorum
238 836 463 924 gemellorum,
499 833 601 901 saneti
633 832 778 916 Fabiani,
817 830 918 899 saneti
951 828 1125 910 Valeriani,

59 956 189 1046 l'politi,
205 953 442 1043 Christophori,
461 951 588 1033 Felicis,
601 950 742 1019 llauritii
759 961 790 1018 et
803 970 936 1018 suornm
951 948 1126 1031 sociorum,

60 1073 208 1160 Benigni,
233 1070 389 1160 Dionysii,
414 1069 537 1148 Rustici
558 1079 589 1136 et
611 1068 778 1151 Eleulerii,
800 1066 939 1135 Cornelii
958 1077 989 1132 et
1006 1065 1127 1133 Leodo-

59 1190 154 1278 garii,
176 1188 277 1273 Sexti,
304 1187 450 1270 l'irrnini,
474 1186 652 1270 Saturnini,
673 1185 829 1269 Quintioi,
850 1183 1023 1267 Valentini,
1045 1183 1127 1250 Mar-

60 1307 145 1392 celli,
167 1305 317 1388 Lueiani,
337 1304 476 1393 Crispini
493 1315 524 1372 et
540 1303 759 1392 Crispiniani3
784 1303 824 1370 de
839 1303 967 1371 ossibus
986 1300 1128 1391 quadra,-

60 1426 149 1513 ginta
162 1435 342 1515 martyrum
356 1434 388 1492 et
400 1423 554 1492 tredeeirn
568 1425 788 1491 consessorum
801 1422 883 1490 datis
896 1421 973 1489 huie
984 1419 1127 1488 ecelesia>

60 1565 120 1633 per
135 1563 255 1632 papam
270 1541 439 1608 Paulinum
458 1561 676 1608 successorem
690 1539 767 1607 dieti
782 1539 908 1607 Leonis.

104 1659 181 1727 Post
201 1659 336 1726 moduni
357 1657 519 1746 inoapsari
540 1658 687 1724 lecerunt
704 1656 864 1724 autentioe
881 1676 953 1723 ossa
969 1654 1128 1722 consesso-

61 1797 133 1843 rum
154 1796 296 1865 quornm
314 1774 488 1842 declaratio
505 1773 664 1863 sequitur,
686 1773 719 1839 in
737 1772 819 1840 rasis
837 1771 945 1840 aureis
965 1781 996 1839 et
1011 1790 1127 1858 argen-

60 1891 141 1958 teis:
165 1891 206 1958 de
240 1900 351 1958 saneto
380 1889 526 1980 Hylario,
557 1889 726 1972 Rieliario,
761 1888 914 1972 llartino,
948 1887 1126 1968 Gennano,

57 2006 215 2090 Adriano,
244 2006 669 2094 Eligio,iln1ando,ano,
698 2005 840 2089 Bertino,
862 2003 1041 2094 Supplicio,
1071 2005 1128 2072 Re-

58 2120 172 2208 migio,
200 2120 381 2203 lllaurian0‚
410 2121 537 2202 Albino,
567 2118 953 2204 Gervasio,llieroni1no,
982 2118 1126 2208 Equitio,

57 2238 228 2319 llullrano,
244 2237 410 2323 Gregorio,
424 2217 617 2325 augustino,
630 2237 747 2320 Leone,
763 2247 793 2304 et
810 2237 849 2303 de
864 2235 1044 2323 virginibus
1057 2257 1128 2304 ossa

59 2352 200 2435 Feliciae,
217 2352 397 2442 Perpetnae,
412 2353 533 2440 Agatae,
550 2352 715 2440 Eugeniae,
733 2354 847 2436 Teelae,
863 2352 1000 2437 Ceeilioe,
1018 2354 1127 2423 Petro-

59 2469 159 2552 nillae,
177 2468 348 2551 Eulemiae,
364 2468 532 2553 Eulrasiae,
547 2468 753 2556 Aldegondis,
772 2468 947 2553 Colornhae,
965 2469 1127 2553 Feliculae,

58 2584 255 2654 Seolasticae.
270 2584 387 2652 Omnes
405 2585 481 2653 istas
495 2585 648 2675 reliquias
663 2585 824 2675 ineapsari
839 2586 914 2653 lecit
925 2585 958 2652 in
975 2585 1128 2654 tredeoirn

59 2701 165 2792 capsis
184 2701 293 2769 aureis
313 2711 344 2769 ot
364 2701 537 2789 argenteis,
561 2700 698 2789 genimis
721 2712 753 2769 et
775 2701 928 2791 pretiosis
950 2701 1126 2769 adornatis.

62 2816 219 2905 lrnposuit
240 2815 411 2905 praedictas
436 2838 549 2906 capsas
570 2839 669 2906 super
690 2838 793 2884 unuin
815 2818 915 2884 altare
939 2826 1128 2904 argenteum

61 2933 247 3002 dedicatum
269 2932 302 2999 in
323 2933 449 3001 honore·
462 2933 563 3001 heatae
584 2933 691 3001 llariae
710 2933 842 3021 virginis
860 2958 868 3018 3
888 2944 919 3002 et
935 2934 967 3001 in
988 2934 1131 3023 qualibet

63 3049 291 3139 praedictarum
305 3049 403 3124 trium
418 3049 626 3117 ecelesiarum
641 3050 820 3118 construxit
834 3071 936 3118 unum
952 3050 1128 3140 pepitrium

65 3187 281 3235 marmoreum
295 3165 486 3233 deauratum
500 3177 532 3233 et
544 3166 718 3253 figuratum
733 3166 951 3234 varietatibus.
973 3167 1008 3234 ln
1024 3166 1130 3256 prima

67 3280 196 3348 ecclesia
220 3279 390 3348 aedificavit
416 3280 478 3348 tria
502 3281 708 3371 campanilia,
735 3291 766 3349 et
795 3281 828 3349 in
854 3281 998 3370 quolibet
1022 3281 1130 3372 posuit

69 3396 249 3485 quindecim
267 3418 440 3486 campanas
456 3421 464 3481 3
482 3397 514 3464 in
533 3398 821 3466 secundaeeolesia
835 3420 935 3466 unum
950 3399 1130 3488 campanile

70 3524 98 3579 et
111 3513 298 3602 qaindecim
316 3535 501 3602 campanas
519 3525 550 3582 et
570 3514 602 3580 in
625 3514 719 3582 tertio
736 3515 868 3583 totidem
887 3538 894 3597 ;
914 3526 945 3582 et
961 3516 1131 3605 quamplu-

73 3628 147 3698 n'naa
170 3641 361 3698 ornamenta
386 3652 482 3714 feren,
508 3643 652 3716 aureata,
679 3653 829 3721 expressa
855 3643 887 3700 et
912 3632 1073 3700 declarata
1096 3631 1129 3699 in

74 3740 200 3811 Cronica
229 3743 375 3834 papirea,
405 3745 481 3813 lolio
512 3745 581 3816 40⁰.
610 3748 645 3814 ln
674 3748 818 3837 quolibet
845 3748 944 3816 choro
969 3747 1130 3816 ordinavit

76 3869 193 3928 eentum
222 3861 436 3952 praesbyteros
467 3875 498 3930 et
524 3863 662 3950 trigenta
689 3873 830 3953 quatuor
856 3867 986 3953 puer'os.
1016 3864 1128 3952 ltaque

10 4050 12 4059 ,
78 3979 262 4065 perenniter,
274 3981 396 4071 absque
407 3981 655 4073 interruptione,
670 3982 778 4049 divina
792 3963 1037 4050 celebrabantur
1053 3980 1127 4049 olsr·
