2708 4854
67 609 144 666 tunc
155 619 240 666 anno
254 597 348 666 tertio
358 597 535 686 regnantis
544 620 600 667 scu
612 598 682 687 ejus
692 598 788 686 legati
797 598 901 684 illuni,
912 598 996 667 tituli
1006 599 1131 671 Sancta

66 699 217 784 Praxedis
231 715 415 799 cardinalis,
425 716 584 784 Auenione
599 716 841 802 commorantis,
851 727 1010 785 reservata
1024 727 1131 786 tamen

65 831 219 921 pensione
242 841 427 900 sexcentum
449 844 615 901 scutorum
641 833 725 917 auri,
750 832 896 901 videlicet
916 832 949 900 in
968 833 1130 924 principio

65 948 239 1038 cujuslibet
251 950 382 1035 mensiS,
394 950 629 1040 quinquaginta
645 971 744 1018 aurea
758 971 817 1040 per
831 949 1127 1018 eumdem'Petrum

64 1065 258 1153 assignanda
274 1077 305 1135 et
320 1051 531 1157 persolvenda
550 1068 655 1136 eidem
674 1066 795 1152 abbati,
813 1066 919 1156 quoad
938 1066 1067 1135 viveret.

109 1182 166 1250 llis
184 1182 217 1248 in
237 1192 320 1251 stetu
344 1183 619 1272 permanentibus,
642 1184 788 1273 ejusdem
808 1184 883 1252 anni
903 1182 959 1250 lla
978 1183 1030 1252 die
1046 1205 1129 1274 prae·
1197 1255 1201 1262 ,

63 1298 139 1366 dicti
161 1299 281 1367 mensis
301 1300 453 1383 octobris,
467 1300 500 1367 in
516 1312 609 1370 nocte
627 1301 733 1370 Sancti
750 1302 857 1385 Lucae,
874 1300 1128 1390 praenominatus
1164 1312 1168 1319 “

63 1413 214 1482 dominus
245 1413 370 1498 Petrus,
405 1414 471 1482 suis
498 1415 662 1504 predictis
690 1415 956 1504 procuratoribus
981 1416 1128 1484 nondum

62 1530 224 1598 Avenione
249 1530 415 1618 regressis,
440 1552 557 1618 magna
573 1542 604 1599 et
629 1532 721 1619 quasi
741 1531 914 1600 incurabili
934 1531 1128 1620 aegritudine

62 1657 93 1713 et
107 1648 198 1714 febre
214 1645 356 1729 assidua,
376 1658 439 1714 tres
459 1631 584 1715 menses
599 1669 673 1714 cum
694 1647 880 1736 quindecim
902 1647 1029 1732 diebus,
1051 1668 1129 1716 con-

61 1762 154 1831 tinuo
175 1763 343 1848 laboravit,
368 1763 461 1852 cujus
486 1764 567 1832 febri
589 1765 696 1833 nullus
725 1765 849 1833 valebat
871 1764 1042 1834 subvenire
1066 1786 1126 1834 nec

61 1878 209 1946 auxiliari
226 1879 383 1953 medicus
401 1880 461 1960 Qui
477 1880 510 1947 in
523 1880 746 1949 misericordia
758 1881 903 1970 etgratia
919 1882 975 1950 llei
992 1903 1129 1972 sperans

60 1996 218 2086 paulatim
236 1996 406 2065 sanitatem
422 2009 614 2066 consecutus
634 2009 695 2066 est.

105 2112 204 2180 ssullis
226 2135 285 2203 per
305 2113 477 2203 praedictos
497 2125 724 2203 procuratores
745 2116 914 2205 expeditis,
941 2116 993 2185 die
1020 2115 1128 2206 prima

61 2229 181 2298 mensis
197 2229 338 2298 octobris
350 2229 496 2318 ejusdem
516 2231 604 2315 anni,
623 2232 729 2300 adbuc
745 2232 788 2299 ita
804 2232 919 2301 debilis
938 2233 1128 2300 infirmitate

59 2344 209 2425 existens,
240 2343 290 2410 uix
319 2343 359 2410 ad
390 2344 557 2412 ecclesiam
587 2346 806 2435 parochialem
834 2358 953 2415 nostrae
985 2346 1127 2414 dominae

60 2459 1126 2553 SanctilliclmriiductusestbenedictionemqueabepiscopoAm-

57 2575 1124 2659 bianensiobtinuit3sedintermissurumsolemniasemimortuus

57 2692 142 2761 risus
157 2703 204 2760 cst
220 2703 251 2761 et
264 2712 302 2760 eo
316 2693 411 2760 modo
422 2692 610 2761 infirmitate
620 2704 771 2781 gravatus
784 2706 831 2779 ut,
846 2717 920 2763 cum
933 2694 1123 2762 difficultate

55 2807 207 2892 maxima,
220 2808 260 2875 ad
274 2808 505 2876 monasterium
522 2808 674 2877 reductus
687 2810 796 2878 fuerit.
816 2811 891 2879 Post
903 2810 973 2900 ejus
989 2832 1122 2901 promo·

57 2923 189 3007 tionem,
206 2946 301 2992 suum
315 2925 506 3015 praedictum
524 2925 689 3016 praepositi
707 2926 852 2994 officium
871 2927 989 2995 dornno
1002 2926 1124 2995 laccho

53 3040 90 3106 de
103 3041 323 3109 Huudreclties
335 3041 406 3130 ejus
420 3041 581 3128 religioso,
594 3043 625 3109 in
638 3043 775 3112 decretis
788 3045 1012 3129 baccalaureo,
1025 3045 1124 3113 loan-
1168 3116 1170 3120 ,

54 3157 103 3226 nis
127 3158 207 3243 snio,
234 3159 274 3227 de
293 3160 498 3228 abbatisvilla
523 3161 675 3245 oriundo,
696 3173 727 3230 et
749 3163 997 3253 praeposituram
1013 3164 1124 3231 Becca-

54 3276 238 3358 mauuvftle,
256 3275 288 3342 in
309 3276 485 3344 Normanie
509 3277 604 3345 sitam
626 3277 712 3345 circe
733 3278 871 3346 llonlleu
893 3278 980 3347 etad
1000 3277 1121 3346 dictam

53 3391 221 3459 ecclesiam
250 3392 477 3481 pertinentem,
499 3393 589 3461 dedit
609 3405 640 3461 et
663 3394 863 3478 contribuit,
887 3394 1036 3462 similiter
1054 3416 1122 3462 sure

51 3508 194 3596 pnufatm
209 3508 352 3576 ecclesiae
365 3508 507 3598 priorem
526 3520 557 3577 et
571 3508 818 3596 vicegerontem,
830 3533 896 3578 sum
910 3509 1121 3577 fraternitatis

50 3630 80 3692 ct
93 3623 277 3692 dilectionis
288 3625 391 3713 gratia
403 3645 502 3715 claram
515 3646 591 3713 erga
603 3625 779 3715 ipsummet
792 3625 942 3708 habebat,
955 3621 1122 3691 constituit

51 3737 291 3829 ordinavitque.
