2708 4854
581 459 758 528 ,54-

171 623 274 691 eulier‚
295 623 372 678 avait
391 626 435 678 ete
455 623 559 694 depost
575 640 627 695 par
640 623 683 678 les
698 623 837 695 religieux
854 639 939 695 parce
956 623 1026 695 qu'il
1041 639 1077 678 ne
1092 624 1203 680 voulait

172 737 224 792 pas
241 721 366 793 prendre
385 720 485 777 l'hebit
504 722 539 776 de
558 721 691 792 religion,
711 726 740 777 et
758 738 796 777 en
816 722 858 776 lui
879 723 955 777 avait
974 723 1111 793 concede,
1128 739 1203 795 pour

174 819 251 874 vlrrc
266 836 303 874 en
318 820 425 891 laique,
440 820 466 874 le
480 821 582 892 village
597 820 631 875 dc
647 822 752 876 Bussu.

191 1042 275 1126 (loir
290 1041 448 1127 Har-ioue,
467 1043 546 1111 livre
565 1042 739 1127 troisiento,
759 1043 920 1134 elrapitres
938 1045 1123 1134 xx-xxu.)

191 1213 279 1282 Facta
293 1227 323 1282 ct
335 1225 424 1300 gesta
440 1214 575 1282 isteuun
592 1225 733 1304 quatuor
744 1215 897 1282 abbatum
912 1216 1114 1303 ignorantur,
1130 1216 1204 1284 licet

159 1331 323 1419 reperiatur
336 1331 423 1420 quod
438 1330 499 1420 ipsi
513 1332 645 1399 suerunt
664 1331 778 1398 sarnosi
792 1331 864 1414 viri,
885 1327 1038 1418 religioei.
1065 1332 1100 1398 Et
1122 1331 1203 1399 ratio

161 1444 242 1532 hujus
260 1457 369 1545 potest
395 1468 464 1515 esse
486 1447 563 1536 quia
585 1468 670 1514 enne
694 1445 755 1514 881
782 1446 828 1514 vel
845 1447 985 1530 circiter,
1008 1457 1039 1514 et
1058 1458 1203 1536 ternpore

165 1558 294 1630 ludovici
314 1565 333 1629 ὰ
350 1561 382 1630 le
405 1564 508 1630 Berbe
525 1563 609 1650 regis
629 1573 660 1630 et
684 1562 909 1656 Carolornagni
929 1562 999 1651 ejus
1021 1564 1128 1630 fratris
1148 1564 1204 1652 qui

167 1673 319 1746 diviserunt
336 1679 398 1747 hec
419 1700 569 1767 regnum,
598 1692 753 1747 venerunt
777 1680 810 1747 in
836 1679 1005 1746 Fruueiarn
1030 1701 1085 1747 rex
1110 1681 1206 1748 Gara-

170 1795 284 1864 nundus
299 1807 329 1864 et
342 1796 407 1865 duo
422 1797 476 1865 alil
497 1817 588 1885 reges
605 1798 721 1886 pagani
739 1797 883 1864 infideles
901 1819 975 1865 curn
992 1818 1108 1884 magna
1125 1798 1205 1865 mule

171 1905 533 1994 titudineSaracenorunr‚
545 1934 605 2001 per
616 1912 760 1998 regimen
773 1923 803 1979 et
817 1913 1012 1980 conductum
1027 1913 1204 1980 leernbardi

171 2021 228 2091 dicti
240 2029 264 2095 le
279 2029 467 2117 Salmonea,
491 2028 548 2095 filii
567 2028 690 2116 dorniui
707 2029 746 2095 dc
763 2028 929 2096 Finnitatc
941 2028 1033 2117 juxta
1050 2028 1204 2098 Sanctum

173 2134 342 2227 Richariunr,
369 2144 496 2232 cognati
516 2144 646 2211 Heluini
669 2144 795 2212 cernitis
815 2143 938 2212 Pontivi
968 2155 999 2212 et
1019 2145 1204 2213 llonsteroli

172 2262 195 2317 tt
205 2260 313 2347 nepotis
328 2259 486 2348 llelgaudi
500 2259 552 2327 llei
563 2260 687 2328 abbatis
703 2260 800 2348 hujus
814 2261 965 2329 eoenebii.
980 2263 1030 2346 Et,
1045 2274 1082 2330 ut
1096 2276 1206 2331 narrat

172 2363 289 2459 ironica,
305 2376 364 2444 istc
379 2375 585 2443 lsernbardus
602 2388 671 2443 erat
690 2376 862 2445 advocatus
878 2388 909 2445 et
926 2378 1056 2446 nemine
1074 2378 1207 2447 advoca·

172 2479 255 2566 tionis,
272 2490 384 2576 gallice
400 2492 531 2558 alietate
548 2513 588 2558 ou
605 2493 733 2559 videtete
747 2515 785 2559 ea
802 2515 1011 2580 geutereeer,
1027 2494 1102 2584 jure
1117 2495 1207 2564 herc-

170 2593 261 2673 tlituie
276 2617 305 2674 et
322 2617 456 2696 paterne
474 2617 542 2675 erat
558 2607 709 2675 dominus
726 2608 766 2675 cle
785 2609 815 2675 la
830 2599 934 2693 Ferte,
953 2621 984 2677 et
1000 2621 1131 2700 prepter
1147 2633 1207 2679 sua

168 2712 295 2790 forefacta
314 2734 345 2790 et
363 2723 504 2790 nefanda
523 2732 570 2790 est
592 2725 750 2807 exulatus,
776 2735 807 2791 et
826 2726 978 2814 expulsus
993 2746 1011 2792 a
1029 2747 1127 2812 regno
1144 2726 1205 2794 iste

167 2840 189 2896 et
199 2834 353 2925 fugitivae,
377 2838 538 2926 refugium
554 2840 689 2929 accepit,
720 2841 867 2928 negando
886 2841 996 2908 lesum
1020 2841 1203 2926 derninunr,

164 2967 220 3020 curn
240 2954 393 3045 pradiclo
412 2976 486 3042 rege
510 2956 717 3024 Geruruuncle
734 2956 906 3046 recipiente
931 2979 1005 3025 euru
1028 2957 1206 3026 honorilice

162 3088 219 3138 cunr
241 3073 366 3160 magnis
388 3073 493 3141 donis.
521 3074 558 3141 Et
582 3086 617 3141 ut
640 3074 812 3142 vindictam
835 3075 953 3143 lrabcre
975 3088 1082 3164 posset
1097 3097 1116 3143 a
1132 3097 1207 3164 rege

159 3181 306 3257 ludevico
322 3189 342 3255 tl
354 3189 387 3254 le
399 3189 513 3273 Borea,
525 3210 585 3257 sue
600 3191 770 3273 avuncule,
786 3212 894 3258 secum
909 3190 1043 3258 adduxit
1057 3191 1209 3281 praelates

157 3322 233 3392 reges
245 3327 321 3374 cum
335 3327 452 3393 magua
468 3305 536 3374 acie
548 3317 579 3373 et
592 3306 733 3374 exercitu
747 3307 752 3350 ¹
768 3329 776 3388 ;
793 3317 836 3389 et,
848 3307 1087 3375 transfretando
1103 3329 1204 3390 lirare,

153 3419 345 3490 intraverunt
376 3432 489 3510 pertus
514 3422 656 3490 marines
681 3422 853 3506 Flandriae,
881 3422 1020 3492 Belenice
1047 3434 1078 3491 et
1096 3423 1203 3492 Sancti

152 3536 279 3607 l'aleriei
300 3549 332 3606 et
348 3537 488 3629 Crottoy‚
511 3539 731 3606 comburendo
751 3549 783 3606 ct
804 3539 986 3608 corruendo
1002 3540 1113 3608 omniu
1130 3541 1208 3610 adi-

148 3654 216 3722 srcia
232 3655 406 3723 coruitatus
430 3654 566 3723 Pontivi.
590 3654 694 3744 Super
709 3655 829 3745 quibus
851 3656 1035 3723 habuerunt
1055 3656 1211 3724 admirari

144 3773 258 3841 fratres
274 3770 374 3861 hujus
393 3770 544 3855 coenehii,
560 3770 636 3839 etin
652 3781 776 3839 tanturn
790 3772 876 3860 quod
895 3771 1028 3860 quidam
1044 3771 1212 3859 religiosus

173 4026 210 4090 (Ι)
227 4021 258 4077 ΕΙ
274 4036 375 4092 recogno
389 4023 511 4076 exercite
525 4022 593 4074 dans
609 4022 636 4075 le
650 4022 726 4090 copie
741 4021 773 4074 dc
789 4021 857 4074 Dera
872 4021 994 4074 Grenier.
