2708 4854
694 461 873 531 ..5⁴2-

252 623 776 714 otthesaurariushujusccclesiac
786 623 1036 708 nomincSeucc,
1047 624 1166 694 nobilis
1178 625 1317 714 generis,

250 742 319 833 qni,
331 764 398 833 prae
416 743 529 811 timore
547 753 578 811 ct
596 743 800 833 perterritus,
812 743 972 834 incapsari
984 743 1060 812 fecit
1074 743 1232 833 majorem
1248 767 1319 836 par·

252 871 315 927 tcm
331 872 516 927 sanctarum
535 858 746 948 reliquiarum
760 880 801 927 ne
813 859 969 950 perirent,
981 859 1104 928 scilicet
1120 860 1256 949 caligam
1269 861 1319 951 ju-

255 975 393 1044 rentutis
408 975 547 1059 Domini,
560 975 739 1043 altitudinis
753 977 800 1044 rcl
818 975 1028 1064 longitudinis
1042 975 1142 1045 unius
1156 976 1315 1062 cubitus¹‚

252 1093 421 1183 cuspidem
446 1093 566 1163 iancea
590 1093 783 1184 perforantis
802 1094 885 1162 latus
904 1093 1045 1179 Domini,
1065 1095 1179 1165 decem
1194 1095 1316 1186 lapides

250 1208 366 1276 tinctos
393 1208 549 1296 sanguine
574 1209 675 1276 sancti
704 1207 870 1298 Stephani,
899 1230 972 1277 cum
994 1209 1115 1298 quibus
1139 1210 1317 1300 pluribus²

250 1323 333 1408 aliis,
351 1334 382 1391 et
399 1345 507 1392 seeum
526 1324 557 1390 in
574 1324 741 1392 ecclesiam
763 1323 886 1392 Sanetae
909 1322 1074 1393 Columbae
1096 1323 1315 1395 Senoncnsem

246 1440 434 1530 asportarit,
445 1452 481 1508 ut
494 1441 547 1507 itta
560 1440 743 1509 sanctuaria
755 1450 977 1530 praesentaret,
991 1452 1023 1509 et
1034 1441 1124 1531 quod
1138 1441 1315 1511 honorifice

245 1556 307 1624 suit
332 1566 492 1646 receptus,
518 1557 639 1646 placuit
659 1556 688 1624 ei
706 1578 830 1624 moram
849 1558 976 1626 trahere
998 1556 1031 1623 in
1053 1556 1142 1626 dicto
1168 1557 1316 1627 coenobio

246 1673 369 1742 Sancta
382 1672 558 1756 totumue,
579 1685 609 1741 et
623 1683 695 1763 post
707 1673 944 1742 successionem
961 1674 1117 1764 temporis
1131 1676 1255 1746 eiectus
1269 1688 1317 1747 est

245 1790 344 1856 abbas
357 1789 433 1857 dicti
450 1789 511 1857 ioci
527 1801 558 1857 ct
571 1789 781 1879 imposterum
802 1789 1079 1882 archiepiscopus.
1097 1792 1138 1860 Et.
1153 1792 1200 1862 sic
1212 1794 1315 1863 eccle·

245 1907 292 1974 sia
309 1905 416 1974 Sancti
434 1906 576 1974 Riclrarii
595 1929 654 1995 pro
677 1907 791 1997 majori
814 1920 906 1998 parte
926 1908 1190 1978 sanctuariorum
1214 1932 1315 2002 expo·

244 2023 333 2107 tiata,
348 2022 488 2112 exceptis
503 2023 697 2113 quibusdam
711 2045 770 2112 per
784 2045 955 2113 processus
970 2035 1001 2092 et
1013 2023 1085 2093 lites
1099 2023 1312 2116 recuperatis.

246 2139 454 2207 Postmodum
476 2138 527 2206 isti
549 2151 612 2207 tres
633 2160 723 2226 reges
743 2150 775 2207 ct
798 2138 904 2207 dictus
924 2139 1131 2208 isembardus
1146 2141 1329 2212 destrunc-¹

245 2264 321 2321 runt
352 2253 539 2321 comitatum
571 2253 696 2322 Pontivi
726 2264 757 2322 et
784 2253 934 2339 Vimenti,
959 2276 1033 2322 cum
1062 2255 1217 2326 omnibus
1247 2258 1315 2327 suis

244 2371 404 2454 ecciesiis;
417 2370 618 2438 intraverunt
630 2371 797 2440 ecclesiam
812 2371 905 2440 istam
920 2381 1038 2440 etcum
1053 2394 1174 2462 magno
1186 2375 1313 2444 ululatu

245 2490 411 2574 fregerunt
437 2498 534 2577 caput
558 2499 588 2555 ct
610 2487 754 2555 membra
776 2487 928 2556 Crucitixi
952 2488 1129 2558 emittentis
1152 2491 1263 2580 palam
1283 2502 1314 2561 et

244 2603 373 2693 publice
400 2603 566 2690 sanguinis
590 2603 792 2688 effusionem,
810 2614 841 2672 et
861 2604 934 2692 igne
959 2625 1064 2692 graeco
1084 2605 1318 2676 destruxerunt

247 2720 356 2788 omnia
374 2719 510 2788 adideia
532 2718 630 2806 hujus
656 2719 795 2786 comobii
822 2741 895 2786 cum
918 2720 1069 2789 omnibus
1088 2721 1187 2790 cartis
1202 2733 1237 2791 et
1253 2723 1317 2813 pri-

247 2837 381 2923 vilegiis.
405 2836 481 2917 Quae
501 2858 574 2903 cum
590 2835 913 2925 audissetpraedicta,
933 2836 1039 2904 dictus
1056 2858 1111 2905 rex
1131 2838 1316 2909 Lndovicus

249 2955 267 3018 ri
285 2955 317 3019 ia
336 2953 440 3020 Barba
459 2952 491 3018 in
507 2952 639 3043 propria
659 2973 797 3041 persona
814 2974 887 3019 cum
912 2974 1029 3040 magno
1048 2953 1191 3023 exct'c-itu
1208 2955 1315 3042 gentis

245 3069 368 3136 bellicae
382 3069 414 3135 in
433 3069 559 3137 obuiam
578 3069 663 3136 uenit
676 3068 841 3158 praedictis
858 3069 988 3157 regibus
1005 3080 1036 3138 et
1056 3070 1247 3140 isembardo
1264 3070 1315 3140 Se·

246 3184 457 3251 noriatocum
475 3183 542 3251 suis
556 3183 801 3265 consodalibus3
819 3182 893 3250 etin
905 3182 1054 3252 Vimento
1065 3183 1200 3274 propria
1212 3206 1312 3255 manu

244 3300 393 3388 prasatos
411 3320 518 3386 regem
539 3298 781 3367 Garamundum
804 3310 835 3365 et
856 3298 1077 3366 isembardum
1098 3300 1212 3369 lancea
1228 3300 1313 3391 [per]

245 3438 379 3505 corpora
391 3416 617 3507 personarium
627 3415 1061 3484 cxidisruineribusmortui
1073 3426 1195 3485 suntut
1205 3434 1323 3486 canes·

245 3531 281 3597 Et
301 3530 384 3598 sicut
405 3530 540 3598 Croniea
554 3541 675 3615 narrat,
694 3530 798 3598 dietus
813 3530 1039 3599 Garamundus
1055 3531 1204 3622 sepultus
1220 3532 1312 3602 estin

273 3755 308 3816 (l)
327 3753 422 3816 Quelle
442 3751 516 3804 taitte
536 3752 648 3805 donauit
666 3753 681 3804 a
702 3753 782 3805 Jesus
806 3755 900 3806 entant
922 3759 1000 3806 notro
1023 3754 1174 3808 historient
1193 3756 1238 3811 On
1258 3757 1311 3809 voit

246 3846 310 3910 qu'il
331 3845 443 3896 ecrirait
463 3845 525 3909 pres
544 3844 577 3895 de
596 3844 622 3895 la
641 3845 732 3895 tomhe
755 3845 790 3896 du
812 3844 893 3910 gonnt
912 3845 1052 3898 isembard
1085 3847 1154 3900 Voir
1175 3861 1225 3900 sur
1242 3853 1310 3901 cotta

247 3934 337 3985 tomhe
352 3932 418 3985 Hist.
433 3933 465 3984 de
481 3930 645 3998 dimoeritas,
660 3933 691 3983 T.
707 3934 740 3995 V,
755 3948 798 3999 pp.
815 3933 931 3984 aun-370.

267 4024 302 4088 (2)
321 4020 535 4090 Ouoruplnribtts
551 4022 618 4074 dans
633 4022 659 4075 la
673 4022 750 4090 copie
765 4022 797 4074 de
813 4022 880 4074 Dom
892 4023 1015 4078 Grenier.
1113 4034 1115 4039 ·
