2708 4854
488 312 689 381 -ll5—

57 477 162 545 fridus
179 476 262 545 rexit
275 498 328 544 sex
345 475 452 544 annis.
472 475 723 565 lstoaequisirit
734 461 915 544 dominium
929 498 1023 567 aquae
1040 473 1138 545 inter
1211 520 1213 524 -

56 595 149 683 Brap
167 605 201 662 et
219 593 331 682 Cuppy
349 615 368 660 a
387 591 520 662 domino
536 592 576 661 de
594 593 708 683 Brapo
730 603 761 661 et
781 614 896 661 nemus
912 593 952 662 de
977 595 1127 662 Tormortt

59 730 134 778 enm
150 707 296 777 dominio
309 707 453 796 ejusdem
469 707 623 777 nemoris
644 709 733 776 Patet
747 707 779 775 in
795 707 937 798 capitulo
952 708 992 777 de
1008 708 1124 800 Brayo

555 1014 638 1082 XXX

62 1213 189 1282 litorum,
207 1214 253 1266 30ε
267 1210 349 1266 abbe.
366 1243 400 1250 -
414 1210 436 1266 ll
450 1210 553 1266 envoie
569 1211 586 1264 al
600 1212 691 1265 Rome
710 1208 779 1265 faire
795 1210 968 1267 reneuveler
982 1212 1033 1268 des
1049 1213 1130 1269 titres

98 1310 310 1382 d'erenrptions
325 1311 463 1365 uecordes
479 1310 538 1364 lors
559 1310 598 1365 du
619 1316 855 1367 couronnement
873 1313 908 1368 de
923 1312 1131 1386 Charlemagne

100 1415 129 1464 et
144 1408 253 1482 perdas
274 1408 346 1462 dans
366 1407 523 1463 l'ineendie
543 1408 577 1463 de
597 1407 734 1480 l'ahbaye,
757 1413 835 1464 tt'r‘t.
851 1411 921 1465 —ll
937 1382 1133 1483 aequieltdes

98 1508 195 1577 biens,
208 1507 259 1562 fait
271 1507 322 1562 des
337 1507 567 1575 construetions‚
580 1512 608 1562 et
622 1512 734 1579 permet
747 1507 775 1562 la
788 1510 990 1565 construction
1008 1511 1043 1566 de
1058 1509 1133 1566 lho-

100 1606 170 1680 pital
185 1606 221 1661 de
237 1605 452 1676 Salat-lliquier
467 1621 537 1658 sous
553 1603 694 1675 quelques
705 1605 923 1660 conditions.-
939 1607 959 1662 ll
972 1607 1072 1664 otablit
1082 1610 1133 1665 des

101 1704 195 1775 regies
208 1719 283 1775 pour
297 1703 324 1757 la
337 1703 418 1774 place
434 1702 485 1757 des
505 1701 644 1775 religieux
658 1719 694 1756 au
709 1702 866 1758 eimetiere.
882 1735 916 1743 —
931 1706 989 1760 Son
1005 1704 1096 1777 tloge.

113 1885 228 1975 (lopez
245 1885 324 1952 llom
346 1883 464 1952 Cotron
479 1886 497 1951 ir
513 1885 638 1952 l'anne'e
655 1883 770 1973 illd.)

113 2046 292 2115 ltrentnrus
308 2048 315 2092 ¹
339 2045 400 2114 luit
418 2045 602 2134 trigesimus
623 2046 722 2113 abbas
738 2045 836 2134 liujus
853 2048 1006 2134 eoenohii,
1029 2051 1134 2120 bonus

70 2175 175 2232 rector
193 2174 224 2230 et
240 2163 322 2230 bene
341 2163 492 2230 samatus.
509 2164 571 2230 lste
595 2162 684 2230 misit
708 2162 842 2231 Romam
865 2185 992 2232 versum
1014 2188 1132 2257 papam

68 2277 286 2346 Alexandrum
314 2276 456 2361 tertium,
481 2298 567 2344 anno
591 2276 718 2362 Domini
736 2275 835 2361 llll,
862 2278 987 2367 copiam
1005 2301 1136 2371 exemp-

69 2395 166 2464 tionis
179 2405 309 2478 nostrae,
325 2406 355 2461 et
369 2416 466 2483 quam
484 2393 711 2483 impetraverat
723 2403 854 2461 sanetus
867 2394 1072 2482 ingilbertus
1084 2396 1136 2464 die

70 2509 291 2581 coronationis
307 2508 525 2596 Carolimagni
547 2507 752 2598 imperatoris
768 2507 987 2578 Romanorum
1004 2521 1036 2578 et
1052 2511 1136 2599 regis

72 2629 285 2711 Francorum,
318 2637 350 2695 et
376 2625 470 2714 eujus
498 2625 746 2715 perdideramus
774 2624 944 2712 originalia
970 2626 1004 2693 in
1031 2627 1138 2716 prima

71 2742 292 2813 destructione
317 2740 415 2831 liujus
445 2741 587 2809 ecelesiae
614 2763 673 2831 per
698 2762 807 2829 regem
837 2741 1082 2812 Garamundunr
1108 2754 1140 2813 et

74 2856 296 2927 lsembardum
317 2857 345 2923 le
368 2857 511 2937 Sertr'ore,
530 2855 675 2925 infideles
692 2880 700 2940 ;
719 2868 751 2925 et
771 2878 870 2947 super
885 2857 988 2948 ipsam
1011 2859 1138 2949 copiam

69 2973 167 3064 jussit
193 2971 288 3041 nobis
315 2971 498 3040 describere
528 2972 763 3061 exemptionem
796 2994 896 3062 quam
926 2973 966 3041 de
987 2975 1139 3064 praesenti

72 3091 231 3159 habemus
250 3111 336 3158 anno
353 3090 480 3159 Domini
499 3090 585 3159 llll
599 3092 623 3159 2.
650 3091 712 3159 lste
731 3091 833 3159 multa
853 3091 938 3160 bona
954 3093 1137 3185 aequisivit,

71 3206 256 3291 aedificavit,
276 3218 306 3275 et
331 3207 494 3274 licentiam
519 3207 609 3275 dedit
635 3207 789 3295 magistro
813 3207 905 3276 Adde
932 3208 973 3277 de
998 3209 1141 3278 drltoreo

69 3325 259 3416 presbytero
280 3323 463 3391 aedificandi
488 3324 731 3414 hospitalariam
758 3324 865 3394 Sancti
889 3325 1032 3393 lticlrarii
1059 3337 1141 3395 tern-

102 3524 138 3588 (1)
156 3523 195 3574 La
216 3517 303 3574 Gallia
324 3519 483 3574 dirutione
500 3521 626 3588 l'appello
645 3522 757 3589 ltiquier
776 3523 802 3573 ll
821 3528 848 3576 et
867 3522 892 3574 le
911 3522 1001 3574 denne
1019 3536 1088 3589 pour
1102 3524 1143 3576 33·

72 3612 154 3662 abbe.

104 3701 140 3762 (t)
156 3699 192 3749 u.
208 3699 241 3749 de
256 3698 368 3763 Bommy
383 3713 399 3750 a
413 3698 481 3750 derit
499 3712 532 3750 en
553 3713 645 3764 merge
664 3700 697 3751 de
719 3713 750 3751 ee.
764 3713 893 3766 passage:
911 3717 923 3748 a
939 3697 1023 3764 Uarius
1035 3700 1144 3767 quatem

72 3787 255 3855 ercrnptr'onis
274 3787 380 3853 copiam
396 3799 478 3852 peaes
496 3801 544 3840 nos
563 3785 700 3841 linteatus.
717 3805 729 3836 r
747 3787 961 3855 ...ltalignieres
973 3789 1007 3841 de
1022 3789 1144 3867 ¹Bommy‚

72 3876 414 3939 atoartttrus‚an.1eoo.
502 3921 505 3926 .
