2708 4854
648 441 857 515 w-ts-

281 602 521 673 Cantontonvs
541 604 602 673 luit
619 603 765 673 decimus
786 615 895 672 sextus
912 604 1012 672 abbas
1030 602 1131 692 hujus
1146 603 1300 690 coenobii‚

186 758 194 773 ·
235 733 267 789 et
286 720 346 789 luit
363 719 448 789 filios
469 720 632 808 legitimus
651 718 757 789 Caroli
777 719 856 787 calvi
874 719 882 760 ¹
899 718 984 805 regis
1005 718 1221 788 Francorum.
1242 718 1301 787 lste

234 838 296 906 luit
315 837 446 905 humilis
465 849 497 905 et
519 837 652 905 devotus
670 848 701 904 et
720 836 754 904 in
777 835 890 905 ordine
912 834 1077 923 religionis
1098 835 1299 925 splendidus,

235 964 277 1037 et,
294 953 364 1042 ipso
380 952 534 1020 existente
549 951 581 1018 in
597 951 715 1040 palatio
728 949 829 1039 regio,
844 949 1011 1039 requisivit
1024 950 1110 1040 patri
1125 950 1215 1040 quod
1229 949 1302 1018 villa

234 1069 273 1137 de
288 1069 419 1152 Drucat,
440 1068 577 1136 alienata
598 1088 656 1157 per
671 1067 846 1135 llenricum
864 1078 1011 1135 octavum
1027 1066 1193 1152 abbatem,
1210 1065 1301 1136 nobis

234 1186 469 1254 restitueretur.
482 1186 522 1252 Et
539 1206 637 1274 quam
655 1183 760 1252 villam
777 1184 817 1251 de
830 1183 961 1268 liment,
973 1204 1048 1251 cum
1061 1182 1130 1251 suis
1141 1183 1300 1281 appendi-

234 1303 305 1387 ciis,
320 1302 452 1392 quidam
467 1302 558 1369 miles
568 1302 685 1370 nobilis
699 1301 832 1369 nomine
842 1299 1039 1388 Heugarius,
1055 1300 1166 1390 quoad
1180 1300 1301 1369 vixerat

235 1419 268 1487 in
282 1417 445 1502 humanis,
462 1417 628 1485 obtinebat
640 1429 672 1485 et
684 1417 841 1501 obtin‘uit;
860 1426 904 1501 et,
923 1415 977 1485 illo
991 1414 1198 1485 considerato
1214 1417 1301 1507 quod

233 1535 385 1603 herodem
403 1545 608 1623 procreatum
628 1533 661 1600 in
681 1533 889 1601 matrimonio
905 1552 969 1600 non
991 1531 1175 1618 dimiserat,
1197 1531 1302 1601 dictus

234 1648 300 1717 Rex
316 1647 409 1716 nobis
425 1647 660 1738 possessionem
677 1635 854 1716 secundam
869 1645 1038 1714 concessit.

277 1765 394 1833 Addito
415 1764 502 1854 qnod
525 1775 600 1833 ante
623 1765 790 1854 quodlibet
811 1765 912 1833 altare
935 1761 1034 1852 hujus
1056 1763 1202 1834 ecclesia
1227 1786 1302 1833 cum

233 1881 336 1950 tribus
354 1881 538 1950 luminariis
550 1870 714 1971 praedictis
727 1892 810 1951 esset
822 1883 947 1972 lampas
963 1900 1037 1948 cum
1052 1879 1124 1948 oleo
1140 1890 1302 1971 perpetuo

233 2002 362 2069 ardens.

279 2119 318 2186 llt
334 2116 519 2185 immediate
533 2116 638 2185 dictus
654 2139 707 2186 rex
727 2115 911 2206 subjugavit
931 2117 1076 2208 quinque
1099 2117 1202 2186 millia
1218 2118 1305 2187 llan-

235 2255 352 2302 norum
383 2244 440 2300 aut
470 2233 707 2301 Normanorum
739 2244 955 2324 paganorum,
985 2245 1016 2303 et
1048 2234 1190 2303 instituit
1211 2235 1305 2325 juxta

234 2350 340 2417 villam
361 2349 468 2417 Sancti
487 2349 630 2440 Dionysii
646 2349 803 2418 indictum
818 2351 905 2440 quod
927 2350 1047 2418 dicitur
1061 2351 1091 2418 le
1108 2351 1245 2443 tenuis.
1267 2351 1307 2419 Et

235 2466 308 2534 inde
326 2466 429 2533 suctus
441 2466 503 2533 luit
517 2466 693 2555 imperator
706 2467 939 2551 Romanorum,
951 2477 982 2534 et
994 2466 1034 2534 ab
1051 2466 1189 2535 ecelesia
1201 2466 1305 2537 beata

235 2583 341 2652 travia
361 2582 401 2649 de
419 2583 480 2672 Aps
505 2583 538 2649 in
558 2583 705 2650 Almonis
726 2604 829 2651 unum
855 2583 979 2651 clavum
1011 2583 1214 2674 recuperavit
1239 2604 1305 2673 quo

234 2701 437 2768 conclavatus
449 2699 508 2767 luit
525 2699 680 2767 Dominus
698 2710 808 2767 noster
821 2720 920 2788 super
930 2719 1020 2766 aram
1034 2699 1141 2768 crucis
1156 2710 1189 2768 et
1202 2719 1302 2768 unam

234 2816 360 2906 spinam
377 2836 444 2884 suto
463 2836 602 2884 coronae.
623 2816 700 2895 Qnae
714 2816 899 2884 sanctuaria
919 2837 973 2884 rex
989 2814 1147 2884 Charolus
1163 2812 1304 2905 magnus

235 2943 266 2999 et
280 2931 456 3022 imperator
472 2931 504 2997 in
519 2930 872 3020 Constantinopolitano
888 2929 1014 2998 civitate
1030 2940 1249 3020 asportaverat.
1267 2930 1305 2998 tt

235 3070 293 3138 per
312 3070 475 3116 summum
493 3047 679 3137 pontificem
702 3046 777 3114 lecit
798 3046 959 3114 ratificare
975 3045 1239 3115 benedictionem
1255 3046 1304 3114 lu·

235 3163 325 3247 dicti,
341 3163 434 3232 aliter
447 3165 491 3230 vlu
505 3164 636 3247 bondis,
651 3163 797 3231 videlicet
808 3162 1031 3231 assistentibus
1045 3173 1077 3231 et
1088 3164 1304 3252 praesentibus

236 3279 268 3346 in
290 3279 375 3347 dicta
395 3279 619 3348 benedictione
639 3292 670 3347 ct
696 3300 767 3347 vere
782 3278 1012 3385 penitentibus,
1032 3278 1160 3347 tertiam
1176 3290 1300 3369 partem

235 3406 266 3463 et
286 3395 507 3464 remissionem
524 3396 670 3464 omnium
688 3417 823 3464 suorum
837 3406 1055 3485 peccatorum.
1072 3395 1135 3464 Iste
1156 3417 1212 3465 rev
1229 3396 1303 3464 vixit

234 3512 410 3602 imperator
430 3512 557 3580 dnobus
574 3512 666 3580 annis
685 3524 716 3580 ct
736 3512 956 3603 praecipitatus
976 3530 1035 3602 per
1053 3513 1231 3603 quemdam
1247 3514 1300 3583 lu·
1345 3580 1349 3587 .

234 3630 339 3697 dueum
355 3651 450 3698 suum
464 3629 640 3715 medicum,
651 3642 681 3698 et
691 3630 852 3720 sepultum
862 3629 922 3697 luit
936 3651 1053 3720 corpus
1066 3628 1137 3719 ejus
1150 3630 1184 3698 in
1194 3630 1297 3699 medio

265 3827 299 3889 (l)
316 3826 442 3878 L'auteur
456 3828 488 3879 do
504 3828 619 3894 locuple
635 3829 667 3879 de
682 3828 869 3890 Baluzeavait
883 3828 950 3878 ecrit
965 3794 1094 3880 badonici
1111 3841 1217 3881 comme
1231 3826 1297 3880 colui

233 3916 266 3967 de
285 3915 310 3967 la
330 3916 405 3980 copie
424 3916 457 3967 de
475 3915 544 3967 Dom
563 3916 685 3967 Grenier.
706 3917 765 3968 Une
785 3920 876 3967 nature
893 3916 1027 3968 ancienne
1045 3916 1082 3969 du
1101 3930 1167 3969 nom
1185 3921 1298 3971 estsur·

233 4003 347 4068 charges
360 4005 393 4055 de
408 4004 434 4056 lo
449 4005 598 4056 correction
614 4002 715 4057 Caroli.
