2708 4854
527 423 705 495 ..ςερ-

77 601 116 658 et
133 610 245 675 suave,
260 589 443 680 specialiter
454 589 638 657 membrum
651 586 753 672 virile,
769 585 927 656 secretum
946 583 977 656 et
992 581 1151 673 naturale,

79 707 205 797 inquo
225 706 377 799 apparuit
397 706 501 775 omnis
524 705 650 796 puritas
672 715 703 786 et
723 702 863 773 castitas.
881 702 945 773 ‘Seu
965 704 998 772 in
1016 697 1154 794 genibus

78 832 116 890 et
141 822 308 891 cubitibus
334 833 403 892 erat
426 822 575 912 quaedam
598 820 735 890 durities
760 831 791 888 et
814 813 995 908 coagulatio
1018 819 1100 890 cutis
1122 832 1154 890 ct

58 937 192 1006 carnis
218 938 309 1006 durae
333 940 374 1008 ad
389 940 524 1009 modum
542 937 676 1033 tepidis,
699 939 776 1028 quia
801 959 901 1027 super
921 938 961 1007 iis
979 958 1108 1028 semper
1122 949 1155 1006 et

82 1053 239 1123 continue
263 1054 463 1143 orationibus
483 1054 627 1123 uacabat.
655 1054 694 1121 Et
718 1054 796 1121 dum
821 1034 1062 1145 suit'sepultus
1085 1062 1155 1122 erat

82 1191 241 1260 praeseus,
257 1170 289 1238 in
303 1172 425 1261 capella
438 1171 541 1240 beatae
554 1171 674 1255 Mariae,
692 1191 790 1260 quam
805 1180 1029 1238 construxerat
1049 1169 1155 1239 dictus

82 1285 241 1354 Geminus
258 1285 291 1354 in
305 1285 434 1378 crypta,
451 1277 556 1355 Gnido
574 1270 681 1355 comcs
697 1286 834 1371 Pontivi‚
853 1285 910 1376 qui
929 1296 1060 1375 repente
1081 1284 1155 1375 qui-

83 1402 161 1470 tavit
182 1402 276 1471 uobis
294 1403 476 1472 exactiones
496 1424 577 1493 quas
594 1401 739 1493 capiebat
760 1423 859 1492 super
874 1402 994 1471 Novam
1012 1401 1126 1469 Villam
1143 1424 1151 1485 ;

84 1528 117 1587 et
132 1540 232 1610 super
251 1520 398 1588 tumbam
417 1542 474 1589 seu
490 1520 560 1610 ejus
583 1520 760 1604 tumulum,
779 1520 843 1587 alta
859 1541 946 1605 uoce,
964 1519 1067 1587 dixit:
1087 1517 1154 1606 Ego

84 1633 190 1723 quitto
214 1632 299 1718 illas,
309 1634 490 1702 exactiones
517 1633 660 1702 eeclesiae
687 1633 788 1702 saneti
813 1632 969 1702 Richarii.
1000 1631 1040 1700 Et
1070 1630 1156 1724 inter

84 1760 228 1838 quatuor
244 1748 361 1839 pilaria
375 1732 558 1819 marmorea
571 1760 603 1818 et
619 1748 747 1839 lapidea
760 1748 944 1818 describere
956 1746 1033 1817 seuit
1044 1767 1155 1816 versus

83 1879 257 1957 sequentes
273 1890 279 1935 :
1018 1881 1020 1884 ·

189 2064 314 2121 Inclitus
328 2065 383 2120 iste
397 2069 488 2137 pater,
505 2065 621 2121 daemon
635 2079 786 2137 perquem
802 2063 862 2119 ruit
876 2062 949 2119 alter
963 2063 984 2133 1,

263 2162 327 2217 Flos
342 2161 409 2235 pius
423 2162 453 2217 in
470 2156 577 2234 populo
593 2161 702 2217 dormit
716 2162 747 2217 iu
764 2162 820 2217 hoc
835 2160 961 2217 tumulo.

189 2263 289 2318 Ardua
305 2266 450 2317 rectarum
464 2262 608 2317 scandens
623 2262 673 2333 qui
683 2261 742 2316 'rite
757 2262 881 2317 viarum.

261 2362 395 2434 Corporis
410 2360 548 2416 assiduus
563 2361 763 2433 martprisator
775 2366 847 2422 erat.

190 2459 300 2530 Regula
314 2460 468 2529 virtutum,
484 2465 631 2515 rectorum
646 2459 695 2514 lux
708 2460 933 2530 monachorum,

264 2558 362 2614 Extitit
376 2575 392 2612 a
404 2574 494 2631 puero
510 2573 630 2630 corpore
646 2557 788 2628 virgineo.

128 2738 175 2806 Et
195 2737 257 2807 isto
278 2748 434 2828 tempore,
462 2737 567 2807 Guido
592 2737 764 2830 episcopus
794 2736 1019 2807 Ambianensis
1047 2738 1154 2812 affinis

113 2935 150 2999 (tt
165 2934 293 3000 imprime
313 2934 383 3015 dans
401 2934 544 3001 d'Achory,
562 2933 701 3002 Spicitepe‚
721 2938 740 2986 t.
755 2934 791 2997 ΙΙ,
808 2949 834 3001 p.
850 2934 904 2986 ³53.
920 2934 963 2988 On
982 2922 1155 3001 remarquora

81 3024 154 3077 daus
167 3029 240 3076 cetto
253 3024 329 3090 picco
343 3037 451 3076 eamme
469 3025 537 3077 daos
555 3024 639 3094 celles
656 3025 704 3091 qui
722 3025 831 3077 suivent
842 3052 875 3063 -
888 3025 1009 3091 chopitro
1022 3026 1109 3078 XXIV
1122 3054 1155 3065 -

80 3126 136 3178 que
152 3110 178 3163 le
192 3115 250 3163 mot
264 3111 364 3163 toisant
377 3111 471 3163 nesure
486 3112 553 3164 rime
567 3126 632 3164 avec
648 3111 674 3163 la
683 3111 786 3177 syttabe
798 3111 876 3163 tluote
887 3112 924 3163 du
935 3125 1003 3164 vers.
1015 3112 1154 3178 D'rtchery

80 3207 108 3252 et
125 3201 153 3253 te
172 3200 204 3254 P.
226 3201 324 3266 ignaue
343 3215 414 3253 nous
434 3202 532 3254 ottrent
550 3202 656 3254 chacun
676 3216 729 3254 une
749 3203 871 3255 variante
890 3202 926 3254 du
945 3203 1062 3269 premier
1074 3217 1152 3269 vers;

80 3290 217 3356 dachery
232 3304 301 3342 nous
315 3286 422 3342 douue‘i

245 3397 350 3455 inclytus
361 3398 406 3442 iste
417 3404 492 3455 pater¹
503 3398 595 3442 daemou
606 3410 725 3456 perquem
738 3397 784 3442 ruit
793 3405 852 3445 ater.

111 3507 152 3560 Le
166 3505 198 3558 P.
213 3505 310 3572 lgnace
326 3505 402 3570 ecrit,
418 3505 483 3559 trist.
499 3507 707 3576 ecclesiastieae,
721 3521 747 3573 p.
763 3506 825 3558 1150:

245 3613 340 3657 Inclitus
351 3614 397 3657 iate
406 3621 481 3671 puter,
493 3613 574 3658 similis
585 3615 621 3657 cui
633 3615 673 3658 vix
684 3613 727 3658 suit
738 3615 805 3662 atter.

111 3722 192 3774 Deux
211 3736 271 3774 vers
290 3722 360 3774 omis
377 3736 424 3789 par
436 3723 506 3775 dean
525 3723 559 3775 de
575 3722 601 3776 la
618 3722 744 3790 Chnpetla
759 3728 786 3776 et
801 3738 850 3791 par
862 3723 888 3776 lo
903 3724 933 3776 P.
950 3724 1047 3790 ignoce
1062 3725 1153 3778 tenui·

77 3818 149 3867 nent
163 3813 189 3866 lo
202 3812 279 3880 pidco
293 3812 362 3865 dans
377 3813 402 3865 te
416 3810 565 3881 Sptcitdpe:

243 3919 308 3962 Tunc
318 3918 352 3962 ric
362 3919 489 3972 florentem,
502 3920 605 3964 studiose
615 3920 683 3977 justa
695 3921 823 3976 docentem.

297 4000 362 4052 Mara
373 4000 493 4046 mutantia
504 4001 544 4045 tux
554 4000 658 4054 ubsrum,
669 4001 732 4060 itque
742 4002 823 4050 redux.
