2708 4854
669 389 847 501 -eo7-

219 551 434 643 praesentibus
451 554 507 623 sed
524 554 556 622 iu
577 554 665 623 omni
684 553 809 623 ambitu
827 553 889 624 loci
910 576 1054 646 sparsus.
1074 552 1285 626 Invenerunt·

221 688 285 758 qne
300 667 410 737 omnin
425 690 498 738 ossa
516 670 548 737 in
564 692 670 739 massa
687 680 720 740 et
739 671 939 758 confusione,
962 671 1069 763 posita
1087 682 1121 742 et
1144 671 1287 742 involuta

221 783 254 853 in
273 784 371 875 pallio
390 784 494 855 serico
510 786 620 855 viridis
640 788 769 873 coloris,
792 809 857 857 non
874 789 1072 879 putrefacta,
1086 788 1153 882 ,sed
1168 782 1288 858 'recou-

220 901 288 971 dita
299 912 331 971 et
343 903 495 971 translata
512 925 571 993 per
581 902 751 972 dominum
764 904 940 974 Riboldum
955 894 1289 975 decimnm'abbateni

220 1018 261 1088 de
290 1021 361 1105 loco
387 1020 428 1088 ad
452 1021 571 1090 locum.
602 1020 642 1088 Et
670 1042 708 1089 ex
734 1020 788 1088 illa
807 1019 1051 1109 investigatione
1070 1019 1134 1091 luit
1156 1023 1288 1090 eertns¹

219 1134 326 1204 dictus
354 1135 523 1221 Geminus,
557 1135 643 1205 unde
675 1134 815 1205 instituit
843 1135 1020 1205 secundnm
1042 1135 1291 1206 translationem

219 1251 421 1319 solemnisari
433 1250 511 1320 dieti
524 1251 625 1320 saneti
634 1251 826 1340 angilberti,
843 1251 919 1341 quia
932 1250 1112 1343 peripsum
1124 1252 1290 1336 abbatem,

219 1390 286 1458 prm
304 1369 419 1439 timore
434 1369 642 1438 inimicorum
654 1369 890 1446 Saracenorum
906 1380 938 1438 ct
953 1390 1170 1460 paganorum,
1182 1371 1291 1440 luerat

219 1480 339 1555 ibidem
353 1486 543 1576 repositum,
554 1485 675 1576 atquin
688 1486 794 1555 dictus
806 1485 964 1555 Riboldus
975 1486 1009 1554 iu
1022 1487 1174 1578 sepulcro
1187 1488 1290 1579 plom-

219 1604 448 1694 beoposnerat
467 1603 654 1673 schedulam
672 1603 789 1694 inqua
807 1603 1034 1695 continebatur
1051 1604 1142 1695 qnod
1165 1605 1289 1675 ibidem

220 1718 407 1809 quiescebat
423 1739 543 1810 eorpus
565 1719 666 1787 sancti
681 1719 871 1808 angilberti.
891 1721 932 1787 Et
952 1719 990 1788 in·
1003 1719 1137 1812 instanti
1154 1721 1293 1791 elevavit

219 1857 355 1926 corpora
379 1846 565 1904 sanctornm
585 1835 723 1926 Capdoci
746 1848 778 1904 et
798 1835 944 1917 Adriani,
970 1848 1002 1905 et
1021 1836 1242 1928 eaimposuit
1256 1837 1295 1929 in

219 1973 315 2042 capsa
331 1973 387 2020 sen
404 1953 524 2020 ieretro
538 1962 690 2040 argenteo
704 1949 868 2042 lapidibus
887 1951 1037 2043 pretiosis
1056 1963 1186 2023 ornato.

265 2068 325 2138 llic
342 2069 534 2138 tractabitur
547 2070 587 2139 de
602 2082 705 2139 morte
723 2069 805 2160 ejus,
828 2070 928 2159 qnod,
947 2080 1021 2139 ante
1038 2069 1292 2159 dissolutionem

219 2185 270 2253 sni
283 2186 439 2276 corporis,
455 2186 637 2254 altissimus
651 2186 708 2275 qui
725 2197 842 2254 cuncta
857 2184 1024 2277 praevidet,
1033 2185 1074 2255 ad
1088 2187 1293 2277 supplendos

219 2301 363 2370 delectus
384 2301 462 2370 dicti
482 2301 622 2387 Gcrrini,
644 2301 792 2391 permisit
813 2322 873 2369 sua
891 2300 1095 2390 providentia
1112 2301 1204 2392 quod
1221 2294 1293 2372 cor-

139 2485 142 2490 .
218 2440 279 2508 pus
296 2418 378 2508 ejus,
397 2418 488 2508 prins
503 2417 687 2508 splendens,
704 2418 826 2507 alepra
840 2427 1028 2506 tangeretur
1042 2427 1075 2488 et
1087 2416 1122 2485 in
1132 2418 1292 2504 extremis

117 2570 120 2582 ·
218 2522 333 2627 diebus
359 2534 426 2602 suis
450 2545 616 2624 pateretur
636 2544 776 2625 quatuor
795 2533 888 2602 annis
908 2534 1186 2621 durantibus,‚ita
1200 2536 1292 2627 quod

218 2647 302 2715 labia
320 2659 351 2716 et
367 2647 464 2717 iacies
485 2647 556 2737 ejus
577 2648 825 2738 maculabantur
844 2659 876 2717 et
896 2648 1154 2737 vulnerabantur
1172 2671 1291 2742 snper·

217 2759 408 2836 naturaliter
430 2774 461 2832 et
485 2763 723 2848 abominative;
746 2763 801 2831 tali
824 2764 922 2832 modo
938 2763 1026 2853 qnod
1049 2785 1110 2855 vox
1133 2763 1208 2856 ejus
1227 2764 1292 2834 luit

217 2902 383 2971 oppressa,
414 2892 446 2950 et
471 2881 521 2949 rix
542 2882 747 2971 loquebatur,
779 2903 886 2972 neque
913 2872 1102 2973 quiescebat
1117 2893 1184 2952 aut
1210 2882 1293 2952 dor-

216 2995 346 3092 miebat·
356 2989 415 3064 uec
432 2996 631 3065 comedebat.
650 2996 775 3068 Accidit
792 3007 900 3066 tamen
920 2997 1008 3102 qnod
1029 2986 1200 3089 Philippus
1211 3016 1290 3083 rex,

216 3111 302 3181 filius
318 3087 522 3180 llenricie
466 3134 522 3200 reg
524 3113 550 3180 is
573 3123 604 3180 et
620 3123 675 3202 pat
676 3134 712 3181 er
662 3111 884 3182 tLudovici
901 3135 939 3202 gr
941 3134 1005 3182 ossi
1024 3112 1122 3201 regis,
1140 3114 1294 3204 pervenit

216 3203 257 3295 ad
272 3228 428 3296 ducatum
441 3228 590 3312 Pontivi;
609 3251 662 3297 cur
654 3229 789 3298 dictus
807 3229 977 3315 Gcrvinus,
996 3229 1051 3298 sio
1063 3229 1205 3320 patiens,
1225 3232 1292 3300 hu-

217 3345 351 3444 millime
368 3357 399 3437 et
418 3345 607 3415 litteratorie
628 3346 797 3436 requisivit
817 3347 908 3437 quod⁴
921 3346 1079 3417 Gerriuus
1095 3347 1292 3440 ejus-nepos

216 3473 247 3529 et
264 3460 394 3556 filiolae,
416 3461 586 3550 religiosus
603 3462 790 3530 monasterii
781 3461 912 3531 Sancti
926 3460 1087 3551 Rbemigii
1102 3463 1289 3551 bernensis,

215 3576 360 3669 regimen
381 3578 543 3667 pastorale
563 3577 674 3669 hujus
683 3572 825 3648 ecclesian
844 3578 994 3670 recipere
1010 3590 1134 3671 posset,
1149 3581 1298 3670 credens¹

214 3678 367 3789 ipsum
346 3708 493 3767 sanetum
506 3698 635 3784 virum,
647 3698 823 3787 idoneum·
835 3710 867 3768 et
892 3710 1029 3791 aptum;
1052 3699 1153 3808 quod
1161 3701 1301 3787 annuit,

244 3867 280 3934 (l)
295 3867 328 3919 Je
347 3867 418 3920 crois
436 3868 500 3920 bien
521 3868 570 3919 lire
590 3870 680 3921 certus
701 3869 768 3922 dans
789 3868 814 3920 la
833 3868 910 3936 copie
928 3868 962 3921 de
980 3868 1091 3922 Belum
1105 3868 1145 3921 Lo
1159 3869 1253 3958 copie
1253 3870 1291 3923 de

215 3958 283 4010 Dom
297 3959 411 4010 Grenier
425 3964 500 4024 porte
515 3958 589 4011 lalus
603 3958 649 4024 qni
664 3963 728 4011 veut
742 3963 819 4024 pent·
808 3959 878 4010 -etre
893 3957 991 4010 mieux.
1029 3986 1032 3993 ·
