2708 4854
707 418 886 487 -8t-

262 581 445 670 denegavit.
469 580 530 650 Sed
551 582 621 651 loeo
635 580 707 672 ejus
724 581 855 651 donavit
873 580 967 651 nobis
986 581 1053 651 duo
1068 582 1184 651 altaria
1203 604 1243 652 ex
1256 604 1328 653 oon·

263 719 360 767 sensu
385 698 462 767 cleri
488 698 552 784 sui,
577 698 700 767 scilieet
722 699 762 767 de
782 697 931 787 Arguebe
951 709 983 768 et
1001 699 1175 786 llontenis,
1199 711 1233 769 et
1245 700 1330 769 dedit

268 836 368 905 super
390 813 453 882 liiis
478 826 612 882 cartam.
636 813 696 882 Sed
721 814 808 904 apud
829 835 888 883 nos
909 814 964 882 illa
982 814 1189 904 ignorantur,
1215 816 1329 886 sedsie

263 932 453 999 scribuntur
467 942 499 999 et
514 940 668 1000 notantur
684 930 717 998 in
736 929 884 1000 Croniea.
953 968 954 972 =

307 1049 369 1117 lste
390 1047 546 1117 Geminus
564 1069 583 1116 a
600 1047 715 1116 comite
735 1047 882 1116 Gnidone
898 1047 1021 1117 Pontici
1037 1049 1219 1138 annullavit
1233 1070 1327 1119 unam

262 1165 379 1233 malam
404 1165 672 1234 consuetudinem
701 1186 800 1258 super
824 1164 931 1233 villam
960 1177 1108 1235 nostram
1132 1166 1174 1235 de
1191 1168 1325 1258 Moiocq,

260 1281 408 1350 videlieet
421 1282 507 1371 quod
517 1282 685 1350 annuatim
698 1281 805 1350 dictus
817 1303 937 1367 eomes,
948 1282 1081 1351 nomine
1093 1283 1325 1370 advocationis,

262 1419 361 1488 super
379 1419 438 1466 nos
457 1398 636 1489 accipiebat
652 1397 764 1486 viginti
782 1419 909 1488 porros,
932 1408 964 1467 et
981 1398 1058 1468 lecit
1074 1399 1171 1469 nobis
1190 1410 1322 1469 cartam.

260 1514 312 1599 Et,
330 1525 473 1605 tempore
490 1515 563 1599 isto,
583 1515 716 1605 quidam
731 1514 832 1599 Brito,
850 1514 968 1584 nobilis
985 1514 1169 1606 progeniei,
1196 1516 1324 1586 nomine

261 1630 461 1721 lladulplms,
487 1632 624 1700 dilectus
644 1653 754 1720 aroge
775 1632 951 1701 Guillermo
965 1632 1102 1721 Angliae,
1123 1631 1217 1703 dedit
1234 1631 1323 1701 nobis

257 1767 391 1834 magnas
405 1747 623 1837 possessiones
637 1747 671 1815 in
683 1747 807 1835 Anglia.
824 1748 864 1815 Et
876 1748 954 1816 dum
967 1759 1117 1838 pergeret
1128 1747 1238 1818 dictus
1252 1748 1322 1818 Ger.

257 1863 352 1931 vinus
372 1864 412 1931 ad
433 1863 626 1953 quaerendas
649 1883 748 1953 snper
764 1862 815 1931 his
837 1873 954 1945 cartas,
976 1885 1068 1933 mare
1089 1864 1258 1935 turbatum
1277 1868 1321 1933 esl

260 1980 345 2048 ultra
362 1979 495 2047 modum
514 2000 732 2063 communem,
752 1978 864 2069 sicque
884 1989 972 2048 tutus
987 2001 1054 2048 non
1072 1981 1204 2070 patebat
1222 1995 1320 2051 accde

257 2118 325 2180 sus,
356 2096 412 2164 sed
436 2095 504 2164 suis
531 2095 684 2185 precihus
708 2117 797 2165 mare
817 2094 981 2186 quievita
1007 2096 1123 2182 lluetu,
1146 2107 1180 2166 et
1202 2100 1314 2167 laetum

257 2223 305 2281 est
321 2212 354 2279 in
370 2234 408 2282 eo
426 2211 591 2280 silentium
604 2234 623 2280 a
636 2212 776 2296 turbine,
794 2211 879 2281 sieut
891 2222 979 2305 patet
996 2211 1094 2281 latius
1108 2212 1187 2283 lolio
1198 2213 1266 2283 92⁰.
1279 2214 1313 2281 tt

257 2299 459 2398 confirmarit
478 2339 566 2396 carta
580 2328 668 2416 regia
685 2327 773 2396 villas
793 2330 987 2418 sequentes:
1013 2328 1191 2419 Esparlais,
1207 2330 1307 2414 dcere,

258 2445 372 2529 llutul,
387 2444 536 2528 llelroteS,
548 2444 788 2530 llxinclrclraon,
803 2445 965 2530 llerelort,
976 2445 1124 2515 Asuason
1135 2446 1305 2516 etGerme¹.

256 2559 296 2626 Et
309 2558 495 2627 immediate
509 2579 616 2627 comes
633 2559 673 2626 de
691 2559 837 2627 Varenne
856 2557 945 2627 dedit
964 2557 1059 2627 nobis
1073 2559 1181 2629 villain
1201 2558 1240 2630 de
1255 2560 1305 2628 Pa·

256 2696 363 2762 grave,
381 2674 414 2741 in
434 2695 499 2764 qua
514 2685 589 2742 sunt
605 2674 753 2744 homines
766 2674 846 2763 ligii,
864 2675 1062 2760 molendina,
1078 2687 1183 2766 prata,
1199 2696 1305 2768 pascua

256 2801 288 2857 et
308 2802 402 2858 terrae
419 2790 580 2875 a1·abiles;
614 2802 645 2860 et
670 2792 828 2861 hahemus
849 2792 1103 2885 chirographum
1128 2814 1188 2865 suo
1213 2792 1306 2882 sigilo

257 2906 451 2974 consertum.

774 3131 797 3186 V

257 3318 366 3372 Retour
387 3317 421 3373 de
442 3319 556 3373 Gerrin.
577 3351 611 3358 —
632 3319 654 3374 ll
674 3320 796 3375 instituo
816 3319 964 3392 plusieurs
984 3322 1134 3378 oroloires.
1155 3353 1188 3386 -,
1208 3319 1252 3376 Vie
1271 3312 1303 3369 de
1350 3334 1352 3345 ·

289 3417 404 3474 Gorvin.
421 3451 454 3457 —
477 3419 528 3473 Ses
549 3419 692 3474 exereices
711 3420 747 3474 de
766 3419 851 3492 picto.
867 3452 901 3459 —
915 3418 1066 3494 L'abbeye,
1082 3421 1142 3479 lieu
1157 3421 1191 3477 dc
1203 3412 1302 3477 confes·
1350 3458 1352 3463 .

284 3621 322 3686 (l)
334 3621 366 3673 Je
384 3622 525 3687 repreduis
540 3637 585 3674 ees
599 3637 686 3686 noms,
706 3624 739 3676 de
754 3625 839 3674 forme
857 3625 980 3676 inexacte
996 3623 1191 3677 certninement
1205 3611 1299 3689 poprie

253 3709 369 3776 plupnrt,
386 3710 491 3775 d'apres
506 3711 531 3762 lo
545 3712 620 3777 copie
640 3712 673 3762 de
692 3712 799 3764 Boluze.
821 3712 963 3764 Plusieurs
976 3726 1011 3763 ne
1029 3717 1093 3765 sont
1105 3726 1153 3779 pus
1166 3707 1298 3771 identioun

252 3799 320 3850 dans
340 3800 366 3850 la
384 3800 461 3864 copie
481 3801 513 3852 de
534 3799 600 3851 Dom
620 3802 741 3853 Grenier.
762 3802 799 3853 lls
813 3802 939 3854 dillerent
951 3816 1021 3869 pour
1034 3802 1061 3853 ln
1074 3787 1297 3869 ptupaneunidt

252 3902 319 3939 ceux
334 3903 386 3954 que
401 3889 623 3942 donnelloriulle
638 3895 665 3941 et
679 3890 726 3957 qui
739 3905 773 3942 ne
791 3891 942 3957 paruissent
957 3904 1006 3957 pes
1020 3890 1140 3945 certains
1150 3882 1296 3944 oux-ndu&

252 3976 321 4029 dans
336 3977 360 4029 le
375 3975 513 4044 Spiollepe.
