2708 4854
34 615 114 681 rasit
128 613 309 682 ecclesiam
323 613 424 680 sancti
438 612 536 680 llarci
550 610 761 679 Snrccncnsis
772 631 859 676 annu
872 608 998 676 llomini
1011 607 1105 685 otto,

35 742 64 797 ct
80 731 187 798 tenuit
204 729 433 798 monarchiam
452 729 551 794 trium
567 749 701 795 suorum
722 727 859 793 balium
876 721 1107 815 praedictorum

37 858 67 915 et
79 847 318 914 defunctorum
332 846 454 934 absque
467 845 595 912 haerede
610 843 804 925 masculino,
813 853 845 909 ct
857 842 1021 910 introduci
1034 844 1109 949 lecit

38 965 168 1033 beatum
188 964 382 1032 Richarium
399 962 431 1028 in
446 962 562 1029 litteris
577 973 607 1029 ct
626 973 749 1050 septem
767 960 891 1027 artibus
907 959 1107 1028 liberalibus.

40 1081 126 1149 Eleo
141 1092 293 1170 ternpore
306 1101 366 1168 per
377 1090 522 1147 sanctum
538 1078 713 1145 Caidocum
725 1090 756 1144 et
769 1089 915 1144 sanctum
928 1077 1108 1144 ,ldn'anum

42 1219 136 1286 quem
158 1196 348 1265 Fricorium
365 1196 574 1263 nominabant
594 1207 687 1262 natos
701 1194 741 1261 de
757 1194 897 1261 ibernia
914 1193 1110 1282 inpartibus

44 1311 301 1383 occidentalibus
316 1311 357 1378 ad
375 1311 470 1377 fidem
488 1311 678 1378 catholicam
696 1322 828 1377 sununs
845 1309 1016 1377 Richurius
1033 1333 1109 1378 con·

45 1449 151 1496 uersus
170 1439 204 1495 et
220 1427 255 1494 in
277 1428 348 1516 ipsu
363 1427 539 1494 instructus
554 1438 613 1494 cst.

87 1545 267 1613 {tr-edictus
286 1555 418 1612 sanctus
432 1544 603 1611 Richarius
619 1545 679 1611 luit
696 1545 888 1634 peregrinus
905 1545 1015 1612 Ronrtu
1032 1557 1109 1613 tem-

50 1683 119 1750 pore
137 1660 276 1730 loannis
298 1682 390 1749 papm
407 1682 425 1726 a
444 1682 508 1749 quo
528 1660 589 1728 luit
608 1661 789 1749 baptizatus
813 1660 846 1726 in
869 1662 957 1728 lontc
978 1661 1108 1728 Laleta-

52 1777 134 1845 nensi
154 1788 187 1845 et
208 1797 268 1865 pet·
286 1776 394 1866 ipsum
410 1776 450 1843 ad
471 1788 636 1843 tonsuram
654 1798 711 1844 seu
731 1789 971 1844 sacramentum
989 1777 1109 1844 conlir-

54 1895 194 1963 mulionis
219 1908 411 1983 promotus;
435 1893 552 1961 deinde
575 1894 615 1960 ad
640 1894 1003 1961 sanctourhcrcmitum
1027 1894 1109 1962 cxis·

57 2020 163 2078 tentem
185 2032 244 2078 seu
268 2009 466 2077 habitantem
483 2009 570 2098 juxta
590 2031 679 2077 mare
700 2010 733 2076 iu
758 2010 820 2077 fine
839 2010 984 2077 llnminis
1004 2010 1110 2077 Tibris

10 2138 12 2145 '
61 2126 176 2210 missus,
199 2125 331 2194 exhinc
350 2147 408 2216 per
427 2126 532 2214 ipsum
550 2126 738 2193 heremitam
758 2126 797 2193 ud
818 2126 992 2214 qumudum
1012 2128 1111 2195 cc‘cle·

63 2240 158 2309 siclam
174 2243 206 2310 id
221 2254 270 2310 est
284 2263 413 2330 parvam
427 2242 595 2310 ecclesiam
608 2242 796 2309 existentem
811 2243 843 2308 in
856 2242 997 2331 quadam
1011 2264 1109 2332 parua

67 2356 155 2427 insula
183 2359 245 2427 sibi
273 2357 377 2425 vicina
405 2359 541 2442 missus,
570 2359 602 2425 in
635 2380 699 2447 qua
728 2359 863 2426 ccclesia
898 2359 966 2447 ipse
995 2358 1110 2427 beatus

71 2471 220 2542 llicharius
241 2473 360 2542 meruit
380 2474 487 2542 uidere
507 2486 653 2546 sanc-tum
671 2474 800 2541 Petrum
819 2476 1001 2563 apostolum
1023 2486 1054 2542 et
1070 2474 1110 2541 ab

73 2608 99 2655 eo
110 2591 244 2682 recipere
256 2591 516 2659 communionem
530 2590 675 2680 corporis
686 2590 804 2658 Christi
814 2602 849 2658 et
861 2592 1007 2658 osculum
1022 2591 1111 2681 pacis
1165 2654 1173 2669 ,

77 2713 99 2770 et
113 2706 215 2777 audire
236 2707 298 2775 ista
314 2707 431 2775 rerba:
457 2733 471 2771 c
495 2709 563 2795 Ego
582 2730 654 2776 sum
677 2708 790 2775 Petrus
807 2707 1027 2797 apostolorum
1048 2705 1113 2796 pri·

80 2841 168 2892 rmus
186 2846 284 2915 quem
306 2825 414 2893 Romae
440 2825 626 2914 requisisti:
645 2825 791 2892 eumdem
813 2824 900 2891 enim
920 2835 1109 2913 potestatem

81 2936 211 3025 ›ligandi
243 2953 341 3030 atque
370 2941 511 3009 solvendi
537 2964 635 3030 quam
663 2942 769 3030 recepi
794 2965 813 3008 u
838 2942 974 3009 Dourino
1002 2952 1112 3010 nostro

82 3051 168 3122 ·tesu
184 3056 311 3125 Christo
337 3057 393 3125 tibi
421 3058 523 3126 trado.
550 3059 636 3125 Vade
665 3058 697 3124 in
721 3080 800 3147 pace
824 3070 855 3126 el
885 3069 1044 3144 reuertere
1069 3059 1109 3126 ud

84 3185 93 3221 t
112 3165 207 3238 lratres
221 3192 320 3239 meos.
338 3198 351 3229 »
367 3172 436 3251 Quo
448 3174 544 3255 lacte,
557 3172 624 3261 ipse
636 3185 766 3239 sanetus
780 3172 951 3240 llichurius
965 3194 1111 3240 reuersus

81 3284 155 3350 atad
169 3308 285 3377 papam
302 3287 456 3355 loannem
474 3287 666 3355 secundum.
683 3288 759 3355 lure
781 3266 1016 3356 canonic0⁴luit
1033 3309 1110 3356 con-

82 3388 205 3486 imaus,
224 3402 369 3471 nondum
392 3414 497 3470 tamen
516 3415 684 3492 promotus
699 3405 738 3471 ad
753 3396 867 3473 'sacros
887 3404 1017 3473 ordines
1034 3405 1111 3493 quia

82 3513 192 3585 noudum
208 3512 356 3606 alligarat
370 3542 474 3587 annos
489 3520 529 3588 ad
546 3520 608 3588 boe
619 3520 693 3609 jure
709 3522 864 3590 canonico
882 3522 1066 3609 requisitos,
1082 3532 1113 3588 et

83 3622 112 3691 ab
123 3627 178 3720 ipso
191 3657 272 3725 papa
285 3636 541 3705 benedictionem
556 3648 587 3704 el
600 3659 707 3705 sacrus
722 3637 875 3726 reliquias
887 3637 1023 3726 accepit..
1042 3637 1112 3715 Quo

84 3762 194 3838 uncto,
214 3754 281 3844 ipse
302 3766 430 3822 sanetus
451 3755 621 3824 Richarius
639 3758 678 3824 ad
696 3757 833 3846 patriam
853 3756 989 3823 natalem
1007 3776 1111 3841 regre-

82 3856 155 3951 ditur,
170 3870 201 3937 in
219 3870 332 3938 itinere
347 3871 503 3940 miracula
519 3873 749 3962 perpetrando,
765 3884 796 3940 et
812 3874 843 3940 in
864 3873 959 3940 domo
977 3882 1109 3960 paterna

79 3971 151 4068 iuste,
170 3997 288 4072 sancte,
306 4009 402 4077 parce
419 4001 449 4056 et
466 3989 672 4057 laudabiliter
689 3989 836 4072 *vivendo
