2708 4854
557 403 598 476 pp
622 446 666 453 -

73 578 240 658 pronorere'
250 571 292 639 ad
308 570 502 638 abbatialem
523 570 661 658 gradurn
685 568 718 653 in
737 589 850 656 regno.
876 569 946 648 Quo
966 567 1107 655 cognito,

71 688 228 776 repatriavit
240 689 281 756 ad
295 688 464 778 proprium
478 686 710 754 [nonasterium
725 686 877 753 Centulae.
893 685 943 768 Et,
955 705 993 752 eo
1009 686 1107 769 lacte,

70 801 181 873 decessit
197 805 296 872 abbas
315 804 489 894 praedictus
503 802 703 890 lngelardus,
723 812 754 870 et
769 802 875 869 dictus
889 801 1108 887 lngerrannus

14 892 24 911 ³
70 921 242 991 alratribus
266 924 387 990 electus
412 933 443 990 et
470 923 674 1012 postulatns;
704 921 759 1009 qui
792 920 942 987 refutarit
967 930 998 987 et
1026 920 1108 988 clarn

69 1037 200 1125 discessit,
226 1051 258 1109 et
286 1041 318 1107 in
343 1051 466 1108 secreto
493 1040 563 1106 loco
588 1037 692 1105 latuit.
720 1036 844 1116 Quibus
867 1037 907 1103 ad
931 1057 1104 1125 personam

10 1152 13 1177 ³
69 1155 136 1241 regis
152 1157 279 1227 Robcrti
300 1156 577 1247 provenientibus
595 1154 628 1221 in
646 1154 777 1243 propria
795 1174 935 1244 persona
952 1153 1105 1242 perrexit,

68 1279 93 1336 ct
103 1271 130 1338 in
144 1274 198 1342 boc
212 1275 284 1342 loco
301 1295 393 1342 sacro
413 1271 591 1340 monitione
614 1270 778 1338 caritanal
808 1292 882 1338 enrn
901 1271 1005 1359 coegit
1019 1271 1106 1340 aeci-

67 1406 128 1472 perc
144 1411 218 1458 onus
241 1390 411 1480 pastorale.
433 1390 502 1469 Quo
526 1389 655 1477 adepto,
683 1387 805 1455 otiosus
829 1408 893 1454 non
913 1387 985 1471 latit,
1008 1409 1107 1456 vanus

67 1502 297 1586 antdissolutuS,
315 1504 370 1572 sed
385 1504 445 1571 rite
462 1514 493 1570 et
509 1502 656 1570 ordinate
676 1493 757 1568 uitas
773 1511 901 1590 patrurn
919 1513 1105 1569 sanctoruni

66 1613 223 1710 descripsit,
235 1632 267 1689 et
281 1620 417 1689 inanime
433 1621 465 1687 in
481 1620 600 1702 littera,
617 1630 726 1703 cantu,
744 1629 833 1706 gesta
847 1618 933 1685 beati
948 1617 1103 1702 Richarii,

65 1735 147 1803 uncti
165 1736 312 1819 Vatarici,
337 1737 438 1804 sancti
465 1735 609 1804 vulfrani
629 1734 877 1824 archiepiscopi,
899 1734 1104 1818 contessoris,

64 1851 147 1918 uncti
170 1853 327 1921 Vincentii
355 1853 470 1936 levitae,
505 1863 537 1920 et
564 1864 682 1919 sancta
711 1851 928 1918 bustrcbertae
954 1850 1103 1937 uirginis.

63 1959 186 2036 duidone
200 1967 411 2035 Anibianensi
426 1967 577 2056 episcopo
597 1965 667 2055 ejus
687 1965 846 2055 discipulo
865 1976 895 2033 ct
915 1966 1104 2034 sustinendo

60 2067 121 2156 jtra
133 2079 223 2171 liujus
240 2081 379 2150 caenobii
396 2081 596 2149 Centulensis
614 2082 731 2147 rrrultas
752 2079 888 2167 injurias
907 2102 1021 2170 passus
1043 2093 1102 2163 est,

61 2198 84 2254 et
99 2194 321 2282 tribulationes
344 2198 519 2288 opprobria
539 2210 570 2266 et
585 2197 836 2282 verberationes,
856 2219 929 2287 quae
944 2197 1105 2286 patienter

59 2311 197 2386 por-utu.
225 2315 348 2402 Largus
375 2326 407 2383 et
434 2315 594 2402 benignus
623 2335 752 2403 semper
779 2302 855 2400 eiga
883 2334 1043 2402 pauperes
1073 2324 1104 2381 ct

58 2415 196 2497 desolatos
225 2430 364 2498 existens
391 2442 423 2498 et
449 2431 571 2518 egenis,
600 2440 764 2498 corrector
792 2429 957 2513 vitiorum,
990 2441 1104 2497 auctor

55 2531 212 2628 rirtutunr;
246 2546 290 2614 ita
321 2548 409 2635 quod
441 2548 481 2614 ab
512 2547 663 2615 ornnibus
694 2545 1102 2634 vulgaribusingerranus

52 2657 163 2738 tttpierta
180 2665 391 2754 apellabatur.
412 2664 482 2753 lpse
499 2663 677 2753 saepissime
695 2662 727 2729 in
744 2662 903 2750 angustiis
917 2662 1028 2752 populi
1051 2684 1102 2739 re,-

50 2781 178 2847 erassum
201 2781 341 2848 licabebat
360 2781 400 2847 ad
422 2782 584 2847 turnulunr
605 2790 636 2848 et
656 2781 811 2847 leretrurn
833 2779 935 2847 sancti
958 2778 1100 2846 Ricbarii

49 2889 74 2944 ll
88 2888 151 2977 ejus
166 2896 269 2964 sacris
280 2895 566 2964 intercessionibus
579 2896 680 2962 rnarlta
694 2894 850 2963 miracula
868 2894 1099 2962 inenarrabilia

48 2988 188 3080 lentius
203 3011 408 3101 omnipotens
428 3012 565 3080 faciebat
585 3012 618 3079 in
636 3012 770 3102 populo.

556 3237 578 3290 ll

418 3393 503 3445 Actes
525 3389 701 3461 d'lngerran.

76 3550 258 3656 Specialiter¹
278 3569 439 3638 renovarit
460 3580 581 3637 certain
602 3569 652 3638 sui
668 3567 916 3659 praedecessoris
933 3567 1094 3656 lngelardi

34 3665 150 3754 lhbatis
176 3708 276 3776 super
306 3685 564 3776 possessionibus
598 3686 808 3755 existentibus
843 3686 874 3753 in
906 3685 1094 3774 episcopatu

35 3776 209 3887 leodiensi,
239 3812 271 3869 et
302 3802 488 3870 irnrnediate
519 3801 649 3870 intrauit
683 3813 791 3891 partes
825 3800 1010 3871 Norrnaniae
1039 3821 1095 3867 seu

61 3960 98 4029 (ll
113 3946 262 4023 duritutiuo
277 3971 345 4022 dans
360 3970 383 4021 la
400 3970 476 4035 copie
490 3971 523 4022 du
540 3970 608 4022 Dom
624 3969 748 4021 Grenior.
