2708 4854
596 391 774 463 ..30..

150 556 238 627 misit
263 555 421 643 religiosis
445 556 543 645 liujus
563 556 702 626 coenobii
724 567 756 624 et
772 555 939 627 memoriae
957 554 1135 627 commend

150 675 184 742 in
199 673 338 765 quadam
356 695 452 764 prosa
470 696 477 740 :

415 843 527 914 Lingua
542 859 608 897 mea
619 844 832 899 non-transibit

414 943 482 1007 011ae
499 942 622 997 Albinus
636 944 705 999 iudo
721 944 832 1014 scribit,

414 1041 482 1105 Ouio
497 1041 659 1097 Radbertus
674 1042 742 1097 inde
757 1041 830 1099 uait

415 1139 567 1209 Dolignare
581 1139 716 1195 fluminis
731 1140 752 1195 ¹.

195 1313 234 1379 Et
250 1313 362 1380 eadem
382 1311 434 1379 die
451 1323 482 1380 et
502 1313 582 1379 bora
598 1312 718 1401 quibus
737 1325 868 1381 sanctus
880 1313 1054 1384 Riuharius
1066 1316 1132 1404 mig

150 1428 189 1494 ad
214 1426 399 1510 Dominum,
423 1425 530 1494 dietus
550 1426 772 1495 Raddeberlus
790 1425 875 1494 diern
898 1429 1015 1497 elausit
1039 1441 1135 1500 extro

149 1554 237 1610 sexto
259 1541 407 1609 calendas
432 1541 532 1624 maii;
556 1553 588 1609 et
613 1541 726 1610 eadem
747 1542 800 1609 die
819 1541 853 1609 in
874 1544 1010 1612 eeclesia
1029 1544 1132 1616 Corbe

148 1659 316 1727 annuatim
340 1657 523 1727 celebratur
544 1657 729 1725 solemnitas
749 1657 789 1725 de
811 1659 947 1728 transitu
968 1671 1000 1728 et
1015 1653 1135 1752 deposit

148 1797 260 1845 eorum
280 1775 420 1843 duorum
437 1785 623 1842 sanctorum
640 1775 873 1864 confessorum.
893 1775 933 1842 Et
947 1775 1133 1846 immediate

148 1906 200 1961 tus
220 1891 373 1979 inagister
392 1891 529 1958 Albinus
549 1890 669 1957 electus
688 1901 736 1958 est
751 1891 850 1959 abbas
873 1890 1007 1980 majoris
1027 1916 1135 1963 monas

148 2031 248 2100 prope
261 2009 406 2076 Turones
421 2032 429 2091 ;
446 2018 477 2075 et
494 2007 552 2077 iste
565 2006 783 2094 augmentavit
795 2006 1037 2078 universitatem
1054 2011 1135 2079 Paris

147 2149 228 2210 seur,
251 2136 281 2194 et
298 2125 332 2193 in
348 2124 489 2214 quodam
511 2124 640 2192 lrinrno:
1015 2116 1018 2121 ⁴

413 2297 454 2349 En
470 2294 601 2349 struxisti
615 2291 784 2349 caenobium

413 2395 445 2447 ln
457 2391 522 2448 loeo
537 2409 625 2465 propo
640 2393 792 2464 Angulani,

415 2493 447 2545 Et
461 2489 541 2545 aliud
556 2491 587 2545 in
602 2490 734 2560 Centula‚

411 2590 504 2644 Anrbo
519 2590 640 2662 perenni
656 2591 770 2645 merita.

663 2825 697 2878 Vl

145 2987 350 3042 Restauration
365 2985 404 3040 du
417 3001 487 3057 pape
504 2986 580 3039 Leon
593 3000 645 3056 par
656 2982 876 3054 Charlemagne.
887 3013 922 3022 -
931 2985 968 3038 Le
979 2999 1051 3056 papo
1063 2999 1135 3040 cour

149 3089 151 3093 ’
181 3085 389 3154 Charlemagne
403 3099 557 3155 empereur
573 3081 698 3136 romain.
713 3113 747 3122 —
759 3082 914 3151 privileges
929 3081 1056 3136 obtenus
1071 3085 1122 3154 par

179 3182 330 3253 Angilbort
339 3180 442 3253 lejour
452 3181 490 3234 du
502 3184 748 3235 couronnernent.
760 3211 794 3218 —
807 3178 984 3250 Adjonetion
996 3179 1035 3233 du
1048 3195 1133 3234 mona

144 3348 147 3351 Ι
179 3272 213 3335 de
230 3280 457 3335 Fordtnrzntiers
473 3281 489 3333 al
504 3278 580 3334 colui
600 3278 635 3332 do
655 3277 878 3348 Saint-lliquior.
895 3309 929 3317 -
948 3280 1021 3333 Mort
1041 3279 1075 3333 do
1095 3278 1134 3333 Ch

179 3395 294 3449 magno.
309 3410 343 3416 —
359 3380 417 3432 Son
434 3377 569 3431 tombeau
586 3378 602 3429 al
617 3374 869 3447 Aix-la-Chapelle.
887 3408 920 3414 —
934 3378 1007 3430 Mort
1022 3375 1133 3450 d'Angil

177 3481 239 3532 814.
252 3509 287 3516 -
303 3476 324 3530 ll
339 3480 382 3530 est
397 3477 511 3529 entorre
525 3474 631 3530 devant
643 3473 670 3527 la
685 3477 767 3545 porte
783 3473 817 3528 de
831 3473 859 3528 la
872 3473 980 3544 grande
995 3474 1094 3546 eglise.
1105 3504 1135 3513 —

178 3574 321 3646 epitaphe.

187 3754 222 3821 ln
237 3753 291 3821 illo
311 3764 466 3843 ternpore,
488 3752 625 3822 decessit
644 3774 728 3842 papa
747 3751 909 3821 Adrianus
929 3764 961 3821 et
975 3722 1046 3822 'Leo
1063 3746 1130 3822 suit'

172 3951 206 4015 (l)
223 3949 334 4003 l'avoue
348 3962 382 4000 ne
398 3962 446 4015 pas
460 3950 637 4014 comprandre
653 3963 683 4001 ce
698 3949 805 4000 dernier
819 3961 890 4008 vers,
938 4017 940 4020 Ι
