2708 4854
608 392 762 462 „g„
838 385 856 403 ··

151 560 286 626 dureum
302 578 398 624 suum
415 557 559 623 fratrem.
581 557 767 623 invaserunt
783 576 820 622 ac
841 554 868 620 vi
889 566 921 622 et
941 552 1041 622 armis
1062 553 1212 624 detenue·
1256 560 1259 567 '

152 684 228 739 runt
254 670 397 738 civitates
427 671 650 753 Cameracum,
681 672 928 753 Tornaccnsem,
959 669 1210 751 atrebatensem,
1252 720 1255 725 -

150 781 398 856 :lmbianens‘em
428 808 502 855 cum
530 787 681 854 omnihus
710 786 847 854 castellis
867 807 971 875 usque
997 786 1038 853 ad
1064 784 1212 874 ripariam

152 904 341 970 Remensem
355 912 386 969 et
399 900 579 990 Sequanam
595 912 625 968 et
638 912 672 968 ut
686 901 955 969 fortilicarerunt¹
975 900 1082 968 dictus
1095 901 1213 988 Ragna-

152 1019 258 1087 uarius
274 1018 366 1086 duxit
382 1018 414 1085 iu
431 1040 563 1085 uxorem
581 1017 779 1085 llauriauam
797 1016 896 1083 filiam
911 1016 1004 1085 ducis
1020 1017 1211 1106 Aquitaniae

151 1134 312 1203 mediante
337 1156 401 1223 qua
425 1145 651 1221 augrrrentatus
675 1133 776 1202 estin
797 1133 921 1222 praelio,
939 1133 971 1200 in
988 1132 1212 1223 praejudicium

149 1251 226 1318 dicti
262 1244 422 1323 Cluderei.
455 1249 551 1317 Suam
584 1250 693 1317 sedem
727 1248 939 1338 principalem
972 1248 1006 1318 in
1041 1248 1213 1318 Cameraco

150 1365 1212 1453 constituitetordinaritdicendofiameracumtlameraniregiam,

150 1496 192 1563 ct,
208 1493 372 1550 crescente
390 1482 512 1549 malitia
529 1483 687 1571 ipsorum,
705 1482 973 1572 conspiraverunt
989 1481 1172 1551 interficere
1187 1493 1215 1550 et

151 1600 308 1688 expellere
325 1619 457 1685 arogno
475 1598 597 1665 dictum
614 1597 809 1667 Clodoveum
831 1619 927 1665 suum
947 1599 1081 1665 fratrem
1098 1609 1212 1666 etcum

151 1735 267 1802 magno
292 1714 433 1781 exercitu
458 1726 489 1782 et
512 1713 580 1781 acie
604 1714 708 1801 gentis
728 1725 860 1782 armatae
879 1709 1047 1781 Belracum
1067 1734 1213 1803 perrexe-

150 1841 237 1897 ruut.
253 1829 377 1908 Quibus
394 1829 569 1896 inobviam
588 1829 773 1918 supervenit
787 1829 892 1897 dictus
912 1827 1091 1896 Cludereus
1107 1828 1170 1896 vim
1187 1828 1214 1895 ri

150 1946 325 2030 debellans,
349 1967 403 2013 eos
435 1944 639 2034 subjugando
664 1956 696 2013 et
718 1945 910 2013 seutentiam
938 1945 1141 2017 lacrimando
1164 1967 1214 2013 ens

78 2126 83 2135 .
150 2050 318 2153 capitalem
340 2061 597 2145 condemnando,
617 2061 769 2151 diemque
795 2061 838 2128 ibi
862 2061 1012 2129 claudere
1040 2073 1213 2130 extremam

149 2179 389 2260 sententiand03
406 2177 726 2246 ctimmediatedicta
737 2177 902 2246 llauriana
913 2199 1085 2267 praegnans
1095 2190 1127 2247 et
1139 2198 1215 2246 uxor

150 2297 225 2365 dicti
256 2295 448 2384 Ragnararii
476 2295 603 2388 peperit
634 2294 736 2361 fitium
764 2317 860 2362 suum
887 2294 1091 2382 unigenitum
1120 2316 1213 2384 quem

150 2413 279 2481 Parisiis
306 2411 381 2480 fecit
401 2411 556 2500 baptisari
581 2411 687 2478 dictus
711 2410 899 2494 clodoveus,
927 2409 1097 2500 tenuitque
1121 2431 1216 2501 super

150 2533 251 2599 tontes
281 2538 312 2596 et
342 2527 491 2616 apellavit
524 2549 597 2596 eum
631 2527 834 2617 Alquarium,
867 2548 964 2616 quem
998 2527 1162 2618 adoptavit
1186 2539 1215 2596 et

150 2645 183 2712 in
214 2665 345 2712 uxorem
375 2643 465 2710 dedit
491 2644 519 2711 ci
548 2643 738 2710 Damianam
769 2643 868 2709 filiam
897 2643 989 2710 ducis
1023 2643 1222 2745 Burgundiae

149 2773 277 2852 neptem
300 2760 432 2829 Clutidis
460 2760 569 2828 uxoris
594 2759 742 2828 clodovei
766 2759 863 2846 regis.
888 2759 981 2828 Dedit
1004 2760 1033 2829 ei
1062 2761 1214 2829 ducatum

150 2876 272 2945 Pontiri
294 2887 325 2943 et
347 2886 455 2965 partes
473 2875 739 2964 circumjacentes
760 2879 778 2942 a
803 2875 902 2944 lluric
923 2876 1026 2944 Rheni
1047 2899 1150 2965 usque
1175 2877 1214 2959 ad

149 2993 284 3060 llurium
316 2993 397 3060 Ouiae
413 3017 420 3075 ;
448 2993 616 3081 tenuitque
638 2992 793 3082 palatium
823 3015 918 3060 suum
947 2992 980 3060 in
1006 2993 1067 3062 hoc
1097 2994 1213 3085 oppido

148 3107 289 3175 Centulac
303 3108 390 3195 quod
404 3108 621 3175 aedificaverat
636 3107 855 3193 Ragnavarius
868 3107 938 3196 ejus
951 3119 1055 3197 pater.
1075 3109 1137 3178 lste
1150 3108 1214 3177 Cla

148 3225 267 3291 daucus
288 3223 483 3291 christianus
510 3223 680 3290 debellavit
705 3235 736 3291 et
754 3223 938 3312 subjugarit
958 3221 1111 3294 Gotianos
1130 3246 1213 3293 nunc

147 3341 250 3408 dictus
271 3341 430 3429 llispanus
456 3362 474 3407 a
498 3341 701 3421 Tuulanana;
725 3351 757 3407 et
777 3340 858 3407 rexit
882 3361 1016 3427 regnum
1036 3341 1146 3410 Gattiae
1163 3340 1219 3419 tri,

147 3467 243 3543 genta
273 3456 377 3539 anuis,
406 3456 437 3523 ct
461 3455 605 3544 sepultus
626 3465 673 3522 est.
696 3455 728 3520 in
755 3455 890 3523 ccclesia
917 3456 1019 3524 heatae
1049 3458 1212 3539 Genurela

149 3572 320 3640 Parisieusi
338 3593 435 3661 quam
454 3571 643 3639 laudaverat
658 3571 690 3638 in
709 3572 839 3640 numine
859 3572 942 3640 Petri
962 3584 993 3641 ct
1010 3574 1100 3642 Pauli
1121 3596 1211 3666 apos·

149 3689 285 3756 tolonum
304 3713 311 3769 ;
337 3700 368 3756 et
384 3687 456 3755 licet
472 3687 570 3754 luerit
588 3687 692 3778 prima
708 3688 842 3756 ecclesia
858 3688 1048 3759 Parisiensis
1065 3689 1210 3775 civitatis,

181 3943 215 4004 (l)
233 3941 270 3992 Ln
283 3943 358 4007 copie
374 3942 440 3993 tiree
453 3942 486 3993 de
502 3942 568 3992 Dum
583 3942 697 3993 Grenier
711 3941 819 3994 m'evait
832 3941 922 3993 donnd
938 3939 1166 4008 fortificarenlur.
