2708 4854
485 434 684 505 -tto-

45 600 139 667 r'ultu
161 596 346 668 sonuerunt
363 595 637 688 et‘pulsaverunt.
662 598 736 667 Post
756 597 896 689 spatium
924 619 997 667 vero
1022 597 1120 667 trium

47 713 322 805 septimanarum,
336 713 414 782 dicti
433 713 601 802 Burgundi
617 713 868 783 de'l'rancorum
887 714 1024 784 adventu
1043 713 1122 782 certi

52 832 201 928 luerunt,
220 822 290 920 qui,
312 853 385 898 cum
403 851 520 918 magna
540 841 570 898 et
591 831 712 920 potenti
739 830 884 919 gentium
902 831 1122 915 multitudine,

52 967 115 1038 per
134 948 269 1015 Pontem
293 946 430 1035 Remigii
454 946 494 1014 ad
520 946 672 1016 Sanctum
694 947 882 1016 Richarium
906 943 1053 1016 celeriter
1076 969 1126 1016 re-

53 1065 201 1133 niebant.
217 1064 359 1133 Scientes
372 1064 472 1152 igitur
486 1064 653 1152 Burgundi
667 1065 708 1132 ad
722 1065 962 1133 abbatisvillam
981 1064 1099 1134 reuersi
1115 1065 1124 1109 ¹

55 1192 87 1249 et
101 1181 211 1269 lugam
231 1181 474 1249 maturaverunt
494 1192 524 1250 et
542 1180 782 1271 corripuerunt.
804 1182 878 1250 Post
898 1181 1032 1249 modum
1052 1188 1126 1249 vero

56 1297 251 1385 l‘rancigeni
273 1296 440 1365 Centulam
460 1296 771 1388 appropinquantes,
796 1297 918 1386 absque
937 1296 1127 1364 difficultate

56 1423 89 1479 et
107 1412 325 1502 oppositione,
352 1413 405 1481 dio
429 1398 591 1482 dominica
616 1435 710 1482 mane
733 1434 803 1482 eam
823 1414 1048 1496 intraverunt3
1072 1412 1128 1502 qui

55 1529 209 1619 protinus
229 1530 380 1598 omnibus
399 1539 625 1620 praeceperunt
643 1540 673 1597 et
693 1530 938 1613 mandaverunt,
960 1529 1020 1597 sub
1036 1550 1129 1619 paena
1236 1608 1249 1625 .

57 1645 226 1734 suspendii
248 1657 279 1713 et
295 1646 504 1733 strangulari,
523 1645 610 1735 quod
623 1646 760 1735 quilibet
775 1645 893 1714 dictam
912 1647 1030 1728 villam,
1046 1667 1130 1713 cras·

59 1762 129 1829 tina
149 1761 215 1845 die,
237 1763 317 1830 hora
339 1773 426 1829 senta
450 1761 645 1845 matutinali,
665 1761 857 1850 quantocius
874 1761 975 1828 exiret
992 1773 1023 1828 et
1042 1771 1131 1829 extra

59 1889 189 1968 portam
208 1877 331 1948 Nostrae
354 1879 498 1946 Dominae
524 1878 621 1945 simul
639 1878 834 1946 conveniret.
858 1877 1015 1946 Omnibus
1031 1876 1132 1964 igitur

60 2017 130 2085 prae
157 1995 274 2064 timore
302 1995 481 2086 perterritis
504 2006 536 2063 et
559 1995 624 2062 illic
645 1994 741 2062 simul
766 1994 980 2082 congregatis,
1002 1993 1085 2062 mori
1102 2006 1133 2062 et

62 2112 201 2181 interfici
223 2113 429 2181 credentibus
450 2123 481 2180 et
502 2113 748 2197 arbitrantibus,
772 2122 803 2181 et
821 2133 886 2179 una
904 2112 996 2180 leuca
1015 2111 1055 2178 ab
1073 2112 1134 2178 hac

62 2231 136 2297 villa
155 2229 351 2298 distantibus
375 2241 406 2298 ct
423 2229 591 2316 elongatiS,
608 2229 648 2297 ad
674 2229 778 2298 villam
799 2217 966 2296 Ambianis
983 2249 1133 2319 progres-

62 2345 163 2429 suris,
180 2346 254 2414 totis
266 2330 434 2414 viribus‘et
445 2346 608 2414 voluntate
621 2346 739 2413 dictam
753 2345 859 2414 villam
874 2344 981 2414 Sancti
991 2345 1133 2413 Richarii

61 2462 142 2530 dicti
178 2462 370 2550 Francigeni
407 2461 537 2550 penitus
576 2461 833 2552 expoliaverunt,
865 2462 1074 2552 diripuerunt
1105 2472 1137 2530 11

63 2578 174 2646 omnia
191 2578 276 2647 bona
295 2577 544 2668 dissipaverunt.
563 2570 654 2645 llanc
673 2578 773 2665 igitur
790 2577 884 2647 bonis
903 2577 970 2646 suis
985 2577 1134 2646 denuda·

63 2708 143 2778 tam,
156 2694 209 2762 die
225 2695 323 2777 lunae,
339 2693 471 2763 omnino
488 2693 727 2762 succenderunt
742 2704 773 2762 11
793 2694 933 2762 totaliter
953 2714 1135 2761 concrema·

64 2822 181 2880 verunt
208 2822 239 2877 et
266 2811 298 2877 in
330 2809 494 2878 cineribus
525 2820 716 2899 posuerunt,
749 2809 799 2878 his
828 2810 980 2900 exceptis,
1016 2809 1138 2877 scilicet

64 2926 230 3017 hospitali,
255 2926 351 2994 domo
379 2927 565 3015 Gripemout
584 2927 725 2994 1111111111
749 2937 780 2993 11
807 2927 937 3014 Tipetot.
957 2927 1035 2994 ltem
1054 2926 1138 2993 sallao

64 3044 209 3112 tectum‘2
223 3043 470 3111 combusserunt
480 3053 510 3110 et
520 3063 632 3111 omnes
647 3042 749 3110 bonas
760 3052 1031 3132 sumptuosasque
1044 3041 1139 3110 dicta

66 3161 167 3227 1111113
181 3178 353 3247 campanas
366 3157 581 3247 perfuderunt
592 3167 623 3225 et
637 3156 709 3244 igno
723 3156 968 3225 distillaverunt.
981 3157 1139 3224 Praeterea

67 3286 167 3344 totam
185 3273 281 3341 dictae
298 3272 436 3341 abbatiae
452 3262 621 3341 ecclesiam
640 3293 714 3340 cum
731 3272 904 3362 campanili
920 3283 951 3340 et
967 3282 1039 3340 octo
1056 3293 1141 3341 oam-

65 3391 176 3483 panis,
203 3390 317 3480 procul
347 3388 447 3456 dubio
474 3388 567 3457 bonis
593 3408 719 3456 necnon
744 3389 985 3474 excellentibus
1014 3398 1142 3457 etcum

65 3507 223 3577 omnibus
239 3505 312 3574 aliis
325 3504 471 3573 aedificiis
487 3525 560 3594 quae
572 3504 679 3573 dictus
693 3505 792 3572 abbas
807 3515 902 3574 antea
918 3515 1143 3574 construxerat

99 3787 136 3849 (Ι)
153 3782 261 3838 noveru
275 3785 338 3836 sunt
352 3782 421 3834 dans
436 3768 504 3833 Do'm
521 3781 644 3834 Grenier.

102 3883 140 3947 (2)
156 3881 223 3933 Voir
237 3894 292 3932 une
306 3884 370 3932 noto
383 3880 446 3946 plus
460 3880 536 3932 haut.

100 3984 137 4049 (3)
153 3980 233 4034 Fullo
247 3980 316 4032 dans
331 3979 444 4032 l'oxtrait
458 3978 491 4030 de
507 3978 629 4043 Bommy.
