2708 4854
584 418 762 486 „29-

666 672 688 724 V

144 848 349 921 Charlcmogne
365 851 381 904 al
397 850 528 905 Centule.
544 883 579 890 —
595 851 702 922 Alquin
718 852 790 906 ecrit
803 851 830 905 la
843 852 888 906 vic
903 851 938 905 de
954 852 1031 906 saint
1046 851 1175 922 lliquicr‚
1192 853 1209 905 a

176 947 202 1001 la
218 948 364 1003 demando
384 949 419 1003 de
438 947 621 1022 l‘empereur.
637 981 672 988 -
692 951 774 1005 Saint
789 949 884 1004 Alard.
900 982 933 988 —
949 950 1121 1019 Roddcbcrt,
1137 949 1209 1004 abbe

179 1047 210 1101 dc
224 1047 338 1102 Corbio.
355 1079 389 1086 —
405 1049 441 1103 Sa
455 1053 542 1102 mort.

189 1245 223 1312 Et
239 1246 293 1314 illo
309 1258 456 1336 tempore
471 1247 505 1313 in
519 1248 651 1337 propria
664 1270 801 1338 persona
814 1248 971 1316 Charolus
984 1269 1120 1335 magnus
1136 1247 1210 1315 visi-

157 1361 220 1428 tavit
244 1363 430 1430 coenobium
458 1362 648 1431 Centulense
672 1375 703 1431 et
728 1386 838 1432 secum
862 1364 995 1431 adduvit
1018 1364 1208 1451 magistrum

160 1476 291 1544 llbinum
306 1479 496 1567 nlquinum,
513 1501 667 1575 magnum
684 1481 848 1547 doctorem
866 1491 897 1547 et
913 1479 1089 1546 maximum
1106 1491 1210 1548 orato-

163 1611 226 1676 rem,
242 1615 336 1682 quem
356 1594 525 1682 requisivit
540 1595 696 1663 instanter
716 1607 852 1663 tractare
869 1607 970 1684 gesta,
984 1597 1065 1669 lacta
1080 1608 1111 1663 et
1124 1608 1207 1679 acta,

165 1706 240 1775 vitam
255 1719 285 1776 ct
303 1709 546 1777 translationem
560 1710 646 1778 beati
660 1711 821 1795 Riclvavii;
837 1711 891 1800 qui
907 1723 1019 1801 sponte
1033 1711 1207 1798 benignum

167 1825 280 1910 prebuit
295 1806 481 1912 assensum,
505 1829 590 1896 etin
612 1842 765 1920 promptu
787 1831 928 1918 religiosi
952 1831 981 1898 ei
1006 1832 1208 1898 demonstra-

170 1952 258 2008 vemnl
271 1943 375 2010 solum
390 1943 534 2011 codicem
550 1945 766 2013 continentem
778 1945 877 2029 dicta,
891 1957 961 2012 acta
973 1957 1004 2013 ct
1017 1946 1099 2013 lacta
1112 1958 1209 2034 atquc

171 2055 299 2125 miracula
315 2059 493 2149 approbata
510 2060 586 2128 dicti
601 2061 701 2150 patris
720 2061 820 2129 nostri
836 2085 844 2144 ;
866 2073 897 2129 et
912 2062 1030 2150 quibus
1043 2063 1210 2151 completis

120 2260 122 2273 Ι
173 2181 194 2236 et
207 2175 343 2260 peractis,
367 2175 473 2244 dictus
495 2178 629 2245 Albinus
649 2200 708 2267 per
731 2178 864 2245 modum
885 2179 1027 2267 epistolae
1048 2178 1136 2246 misit
1151 2200 1210 2246 sua

120 2360 123 2395 ;
173 2285 303 2382 descripta
315 2293 402 2361 dicto
418 2293 554 2363 Charolo
572 2316 702 2381 magno,
717 2295 929 2382 significando
942 2296 1028 2384 qnod
1046 2317 1145 2383 super
1156 2296 1210 2362 ha-

173 2399 244 2473 hebat
255 2408 312 2476 illis
325 2410 480 2477 admirari
493 2432 551 2478 nec
562 2411 682 2478 sciebat
694 2411 741 2478 ei¹
757 2412 937 2480 secundum
951 2423 1023 2501 post
1034 2411 1206 2499 apostolos.

175 2515 202 2584 Et
216 2543 305 2612 usque
322 2525 355 2592 in
373 2526 568 2593 hodiernum
586 2526 672 2593 diem
692 2527 790 2610 dicta,
807 2527 981 2616 descripta,
997 2538 1067 2593 acta
1083 2537 1114 2594 et
1126 2527 1209 2594 lacta

120 2684 122 2719 :
174 2652 215 2718 ptr
234 2642 396 2726 praelatum
419 2642 570 2708 Albinum
594 2642 747 2729 leguntur
771 2643 922 2711 continue
946 2643 978 2709 in
999 2641 1132 2710 ecclesia
1154 2641 1209 2710 Dei

120 2728 123 2781 l
175 2758 412 2841 evindicantur
431 2761 563 2849 populo.
1086 2850 1099 2863 .

207 2865 249 2937 lllo
273 2884 300 2940 ct
330 2874 443 2941 eodem
470 2885 614 2963 tempore
643 2885 711 2942 erat
737 2874 836 2942 abbas
858 2872 1060 2942 Corheiensis
1079 2886 1209 2942 sanctus

175 2978 281 3056 llavdus
306 2989 362 3079 qui
384 2989 539 3079 plantavit
571 2991 695 3059 vineam
725 2992 866 3080 propriis
899 2991 1062 3075 manibus,
1092 2990 1210 3059 nobilis

175 3103 363 3186 progeniae
389 3107 529 3175 nobilior
556 3107 715 3191 moribus,
746 3108 833 3196 quod
858 3107 1117 3194 consanguineus
1141 3120 1211 3176 erat
1300 3107 1303 3112 ’

176 3213 224 3298 regi
241 3217 370 3292 Charolo
385 3244 513 3310 magno.
1145 3306 1161 3317 ,-

208 3328 255 3402 lste
267 3350 395 3406 sanctus
409 3340 547 3408 Alardus
562 3339 675 3409 hahuit
689 3362 908 3409 successorem
923 3352 1070 3408 sanctum
1087 3340 1210 3408 Radde-

175 3435 285 3538 lltlum
304 3465 335 3522 ct
349 3466 522 3544 antequam
542 3456 678 3525 intraret
695 3457 880 3544 religionem
903 3457 1126 3547 appellabatur
1138 3456 1211 3524 Pas·

176 3554 285 3638 thasius.
313 3571 374 3640 lstc
396 3572 457 3639 luit
484 3594 622 3661 magnus
643 3584 755 3641 cantor
784 3585 816 3641 et
842 3574 973 3641 dictavit
990 3584 1021 3640 ct
1040 3573 1210 3662 descripsit

176 3668 247 3778 llam
265 3698 294 3756 ct
316 3688 560 3758 translationem
580 3688 680 3757 sancti
702 3688 857 3772 Richarii,
883 3700 914 3757 et
934 3711 1043 3757 versus
1061 3699 1092 3757 et
1107 3700 1210 3757 metra

196 3879 221 3943 (ll
235 3885 261 3941 u·
274 3891 342 3943 n'cst
357 3905 405 3956 pas
423 3892 492 3943 dans
510 3892 537 3944 la
555 3893 631 3957 copie
651 3893 683 3944 de
700 3893 808 3945 Baluzc.
827 3893 877 3945 l'ci
894 3906 942 3945 cru
958 3892 1050 3944 devoir
1065 3891 1210 3958 reprendre

173 3956 191 4013 ¹0
201 3981 244 4028 mot
255 3980 321 4033 dans
335 3979 361 4032 la
376 3981 453 4048 copie
468 3982 501 4033 de
518 3982 584 4034 Dom
601 3983 721 4034 Grenier.
