2708 4854
521 401 699 470 ..79-

186 567 309 638 Insuper
323 565 466 621 excedunt
480 581 637 619 numerum
654 581 728 635 quos
742 564 802 636 ipse
817 563 926 620 refecit.

184 664 303 719 Talibus
317 669 404 735 atque
421 664 485 719 aliis
500 663 626 719 eoelestis
641 664 760 735 praenrio
776 664 858 734 regni

184 763 219 817 tu
236 779 302 833 spos
317 766 371 831 est,
388 763 506 817 meruit.
524 765 635 829 Lector,
651 762 729 833 quod
745 779 831 835 posse
847 779 1015 818 monemus

186 859 312 915 Ultimus
328 862 420 933 ipsius
435 860 491 916 suit
503 862 551 917 hic
566 861 633 916 finis
649 861 825 931 studiornnr,

187 959 345 1015 Ecclesiam
362 966 469 1016 sanetae
483 961 576 1016 reficit
591 962 743 1016 moriendo
758 962 851 1016 Mariae

186 1057 277 1129 Cujus
292 1060 368 1131 apud
385 1060 543 1114 Doniinuni
560 1059 645 1115 nobis
659 1059 795 1130 suffragia
808 1061 931 1132 prosint.

124 1265 165 1332 Et
179 1265 322 1355 plurima
343 1265 406 1333 alia
425 1265 597 1356 descripsit
618 1265 650 1332 in
667 1287 764 1356 prosa
783 1265 869 1333 idern
888 1266 1040 1336 dominus
1060 1267 1146 1357 epis·

80 1402 182 1472 oopus
215 1403 252 1449 ex
280 1360 417 1449 transitu
451 1382 502 1449 sui
529 1382 676 1470 magistri
709 1382 831 1451 domini
859 1384 1061 1472 ingerranni.
1092 1385 1144 1469 Et,

80 1498 165 1565 sicut
180 1498 271 1588 prius
288 1498 370 1566 bene
387 1498 509 1566 dietum
528 1499 677 1588 estquod
698 1499 804 1567 dictus
820 1500 1051 1588 ingerrannus,
1074 1503 1145 1592 ejus

79 1614 196 1683 merito
210 1624 241 1681 et
254 1614 495 1699 intercessione,
507 1614 641 1683 eeclesia
654 1616 692 1682 de
702 1616 877 1683 Soubrvitte
889 1617 981 1686 nobis
995 1639 1146 1688 concessa

81 1743 129 1799 est
140 1734 163 1816 ¹,
177 1744 209 1800 et
228 1733 349 1799 litteras
363 1744 394 1800 et
411 1732 627 1823 chirographa
644 1733 784 1801 obtinuit
799 1735 882 1802 bene
898 1757 1060 1825 expressa.
1075 1737 1146 1804 Non

82 1850 285 1916 obstantibus
305 1849 379 1932 iilis,
399 1849 560 1917 Richardo
577 1849 658 1917 duee
676 1850 860 1919 Nonnaniae
881 1863 1022 1937 rnortuo,
1044 1863 1075 1921 et
1093 1853 1147 1922 de·

80 1964 201 2033 relictis
217 1965 328 2032 liberis
342 1964 412 2052 ejus
425 1965 586 2033 Richardo
599 1954 781 2034 et‘iioborto
796 1967 951 2035 frutribus
964 1978 995 2035 et
1008 1968 1146 2037 ducibus

78 2102 139 2171 pro
160 2082 285 2170 parto?
307 2091 463 2170 ternpore,
479 2093 509 2149 et
523 2092 676 2169 regnante
696 2083 884 2167 Gniiiermo,
900 2105 1012 2151 eorum
1033 2085 1144 2171 fratre,

79 2196 238 2264 natalium
265 2197 426 2266 desuetum
453 2198 589 2265 habente
617 2209 648 2265 et
673 2198 851 2285 illegitime,
875 2220 949 2287 rege
968 2200 1090 2287 Angiiae
1115 2212 1147 2269 et

77 2315 163 2382 duee
181 2315 377 2398 Norrnaniae,
400 2314 440 2383 ad
456 2315 644 2382 instantiam
661 2315 832 2383 abbatisse
847 2316 887 2384 de
903 2316 1147 2384 Monstierviiier

79 2452 147 2496 suae
170 2430 348 2519 progeniei,
370 2431 431 2498 suit
451 2453 510 2520 pro
531 2431 643 2498 eadent
664 2432 798 2500 ecelesia
819 2433 1034 2502 controversia
1059 2443 1146 2502 mota

80 2554 113 2611 et
137 2544 405 2633 impedimentum
429 2546 521 2613 nobis
545 2547 656 2613 datum
669 2569 677 2629 ;
697 2557 728 2614 et
746 2546 778 2612 in
799 2547 948 2636 proprios
971 2569 1049 2616 usus
1067 2548 1145 2616 dieti

83 2660 273 2727 monasterii
294 2661 333 2728 de
348 2661 591 2730 bionstierriller
609 2662 710 2730 uoluit
726 2662 752 2729 vi
771 2673 802 2730 et
821 2663 971 2731 violentia
988 2665 1075 2732 dieta
1088 2665 1145 2733 ab·

80 2775 202 2842 batissu
228 2775 390 2865 applicare
419 2777 451 2843 in
480 2777 630 2867 proprios
658 2799 737 2845 usus
763 2799 830 2845 sure
858 2777 1001 2846 eeclesiae
1026 2779 1145 2847 dictarn

81 2891 265 2959 eeclesiam.
287 2891 325 2958 Et
345 2893 464 2980 quibus
479 2893 519 2960 de
536 2893 641 2961 causis
661 2894 766 2962 dietus
782 2894 938 2962 Gervinus
953 2895 986 2962 in
1003 2896 1145 2986 propriis

81 3013 222 3103 portavit
254 3014 505 3104 chirographum
534 3025 565 3082 et
592 3014 731 3082 litterani
759 3015 868 3100 iatam,
896 3017 1035 3106 urnpiurn
1067 3016 1145 3085 dicti

82 3130 250 3213 buchardi,
262 3131 507 3198 remonstrando
521 3131 718 3199 dotationem
738 3144 769 3200 et
783 3132 990 3201 donationem
1007 3133 1144 3224 prndio-

80 3259 160 3327 turn,
191 3267 228 3311 ex
252 3245 370 3334 quibus
399 3245 518 3313 invonit
543 3245 681 3332 gratiam
703 3246 808 3314 dietus
829 3247 997 3331 Gervinus
1019 3259 1051 3315 et
1068 3268 1145 3335 erga

79 3363 190 3453 ipsurn
212 3374 243 3430 et
257 3363 414 3452 plurimos
431 3364 649 3433 authorisntus
669 3375 728 3432 est.

109 3587 148 3649 (1)
167 3587 203 3637 La
223 3586 298 3652 copie
314 3587 346 3637 de
363 3586 427 3637 Dorn
445 3587 560 3638 Grenier
573 3593 647 3653 porto
662 3587 810 3640 rra-Iasium.
827 3586 901 3637 Dans
916 3585 986 3638 l'une
1001 3601 1036 3638 ou
1050 3587 1145 3641 l'autro

80 3677 158 3742 lugon
184 3677 306 3740 toujours
326 3690 379 3726 uno
400 3677 578 3727 incorrection
598 3677 614 3725 b
634 3677 722 3728 moins
736 3675 902 3728 d'incidence
916 3677 984 3742 (ejus
998 3677 1145 3730 merito.....

77 3777 202 3815 concessa
217 3765 274 3824 est),
292 3768 314 3814 et
329 3763 443 3819 litteras.
459 3770 509 3815 eto.

109 3855 145 3918 (i)
160 3852 291 3919 Perpetuo
306 3853 374 3904 dans
389 3852 414 3903 lo
428 3853 504 3919 copie
518 3854 551 3905 de
563 3854 629 3905 Dorn
644 3855 765 3906 Grenier.
