2708 4854
685 452 863 520 -22-

345 609 478 690 Angusto
494 616 627 686 Charete,
644 614 730 688 eujus
744 614 852 670 virtute
867 612 974 686 peregi,

419 715 550 771 Concede
566 714 681 786 imperii
696 712 802 784 gaudia
816 728 922 783 magne
939 712 992 766 tui.

347 813 486 885 Quisquis
501 813 577 868 etad
592 828 724 866 summas
736 811 871 883 precibus
885 809 1044 882 pulsaverit
1058 825 1155 878 eures,

420 911 560 967 Effectum
577 910 688 966 tribuas
704 925 819 981 semper
834 909 950 977 habere,
966 899 1053 962 lte'us.

286 1155 475 1223 immediate
498 1165 582 1244 pest,
608 1165 738 1222 sanetus
765 1154 971 1243 ingilbertus
997 1153 1083 1222 inter
1106 1154 1177 1223 illas
1204 1166 1303 1223 turres

241 1273 413 1341 orientales
443 1284 475 1339 et
504 1271 736 1357 occidentales,
763 1293 800 1340 ex
827 1271 965 1340 artifieio
992 1271 1120 1359 Virgilii
1147 1271 1303 1340 Mantuani

242 1389 360 1458 summi
379 1400 481 1478 poetae
499 1388 599 1457 divini
620 1387 766 1473 artificis
782 1387 985 1477 recuperavit
1000 1388 1221 1477 pavimentum
1239 1409 1305 1478 por-

242 1507 392 1596 phireum
415 1504 505 1571 rubri
527 1516 559 1573 et
578 1503 690 1571 viridis
713 1503 829 1572 eoloris
853 1503 939 1592 quod
967 1504 1008 1572 de
1031 1504 1185 1594 praesenti
1207 1514 1255 1573 est
1275 1503 1305 1570 in

243 1626 353 1692 sutura
376 1622 513 1690 eeclesia
531 1622 576 1689 ita
598 1620 776 1711 pretiosum
798 1621 885 1711 qued
906 1620 939 1687 in
962 1631 1028 1689 toto
1047 1621 1126 1689 orbe
1149 1631 1306 1690 terrarum

244 1759 309 1806 non
327 1748 373 1804 est
387 1737 491 1804 visum
508 1735 626 1818 simile,
641 1747 671 1803 et
684 1735 883 1824 experientia
898 1736 1010 1820 decet;
1028 1745 1061 1803 et
1074 1735 1115 1803 de
1128 1734 1308 1804 inventione

245 1853 315 1942 ejus
336 1852 472 1920 inferius
494 1850 696 1920 tractabitur.
720 1852 808 1920 Fecit
824 1851 922 1919 scribi
945 1852 979 1918 in
1000 1851 1111 1919 tabula
1131 1871 1309 1919 marmoree

245 1990 356 2038 versus
373 1979 544 2058 sequentes
562 1991 568 2036 :

354 2201 502 2274 Septimus
520 2201 529 2242 ¹
546 2202 602 2257 hoe
618 2202 819 2274 pavimentum
835 2201 923 2256 abbas
939 2215 1116 2274 componere
1130 2197 1212 2258 teei2

424 2300 611 2372 Angilbertus
626 2316 679 2371 ege
695 2300 801 2355 duetus
817 2315 916 2354 amore
932 2300 993 2368 Dei,

355 2399 390 2453 Ut
406 2397 480 2452 mihi
492 2401 559 2469 post
573 2397 686 2452 obitum
704 2403 835 2453 sanctam
852 2397 962 2452 donare
978 2397 1108 2469 quietem

427 2496 570 2566 Dignetur
584 2495 728 2565 Christus
744 2496 802 2552 vita
818 2495 956 2567 salusque
972 2512 1047 2550 mea.

295 2719 346 2802 Et,
365 2717 449 2787 sient
465 2718 621 2809 seriptum
641 2731 689 2787 est
708 2719 871 2808 superius
894 2719 963 2809 ipse
980 2718 1057 2788 fecit
1075 2719 1237 2788 eedifieare
1253 2730 1311 2787 tres

253 2835 416 2919 ecelesiae,
439 2835 584 2903 videlieet
601 2835 768 2904 eeclesiam
786 2835 889 2904 sancti
910 2835 1052 2904 Richarii
1076 2835 1110 2903 in
1137 2835 1309 2916 occidente,

255 2949 422 3018 eeclesiam
438 2961 555 3017 sanetae
569 2950 677 3018 Mariae
691 2951 725 3017 in
739 2951 919 3019 meridiano
933 2962 964 3020 et
977 2951 1135 3020 minorem
1151 2951 1309 3021 ecelesiam

254 3066 355 3134 saneti
379 3066 542 3134 Benedicti
564 3066 598 3133 in
621 3067 756 3151 oriente,
780 3078 811 3135 et
835 3068 881 3135 sie
902 3089 979 3136 sane
1004 3068 1248 3157 intelligendum
1269 3075 1309 3135 est

253 3184 432 3252 claustrum
444 3171 658 3272 triangulare
672 3185 704 3251 in
714 3185 835 3253 honore
847 3185 1012 3254 Trinitatis
1022 3186 1082 3253 sub
1091 3201 1158 3254 nno
1167 3195 1198 3254 et
1206 3183 1307 3254 eedem

255 3310 349 3383 tecto,
378 3311 409 3367 et
434 3300 467 3367 in
493 3300 600 3369 medie
622 3301 693 3368 fons
719 3322 776 3369 seu
804 3301 922 3369 fluvius
946 3299 1131 3369 Cerdonem
1155 3299 1259 3389 rigans
1281 3305 1306 3364 et

287 3532 320 3593 (t)
338 3533 373 3583 Ge
398 3536 454 3583 mot
477 3532 604 3607 septimus
627 3547 745 3599 memque
768 3534 836 3585 dans
860 3534 886 3585 le
907 3534 983 3600 copie
1007 3534 1040 3585 de
1059 3533 1168 3586 Beluze.
1183 3522 1304 3592 D'Aetierr
1344 3516 1346 3535 '

255 3623 345 3673 donne
356 3643 362 3672 :

390 3732 440 3773 Hoc
452 3729 610 3786 pavimentum
621 3730 712 3774 humilis
722 3730 800 3774 Abbas
811 3744 949 3787 componere
962 3731 1007 3774 ieci

289 3835 325 3898 n)
339 3834 467 3900 imprime
481 3836 549 3887 dens
564 3835 707 3901 d’Aehery,
722 3834 863 3901 Spiritepe‚
875 3837 905 3886 Τ.
920 3837 955 3899 n,
970 3852 996 3902 p.
1012 3836 1068 3888 303.

287 3925 321 3989 (3)
338 3925 413 3976 Cette
433 3925 592 3990 disposition
611 3926 787 3990 triangutaire
811 3932 852 3978 est
871 3925 935 3978 bien
958 3925 1056 3977 visible
1077 3926 1145 3978 dans
1162 3925 1189 3976 tn
1207 3924 1306 3990 grnrutt
1341 3980 1346 4005 ‹.

258 4015 410 4079 reproduite
425 4029 474 4081 par
487 4015 526 4066 les
541 4015 616 4066 seins
632 4016 664 4068 tte
680 4017 715 4067 M.
733 4016 1003 4082 Peigne-Detacourt.
