2708 4854
633 372 810 444 ...38-

191 535 368 604 Estraiettc.
532 614 546 639 .
686 533 885 614 trPraiaulx.

190 653 364 744 Catbegny.
693 652 944 721 :tFouancourt

189 769 401 860 Campagnes.
683 767 945 835 23Framerritle.

191 887 316 954 Ririere
332 885 366 952 in
387 884 523 952 Vimeto.
688 896 702 946 ’.
725 883 900 957 ttottevitte.
1004 957 1007 961 ,
1119 953 1121 956 .

191 1001 383 1071 bloussiercs.
724 999 918 1086 Vuauritler.

192 1119 354 1188 Melmont.
727 1117 844 1208 Cachy.

192 1235 493 1323 Regnier-Esoluso.
728 1235 895 1303 Herviiter.

72 1422 80 1439 ,
181 1346 380 1419 'ttedicourt
708 1349 953 1418 'Cbevincourt

158 1470 338 1558 !·Ulcamp.
378 1530 391 1545 ,
680 1486 698 1519 ‘1
729 1467 871 1558 Lannoy.

167 1614 170 1625 r
195 1587 238 1652 La
260 1584 398 1674 Capellc.
702 1648 713 1663 „
731 1584 975 1652 Houdeneourt.

193 1702 321 1769 Arieur.
730 1700 843 1768 ttares.

194 1819 286 1908 Bray.
686 1823 707 1881 i·
729 1817 938 1906 Feuquieres.

158 1932 312 2017 3Enere.
690 1952 694 1959 ’
731 1930 915 2000 Fontaines.

197 2048 373 2137 Cbignolte.
699 2048 890 2138 ..Bnederay
904 2048 947 2138 [t]
965 2070 1007 2116 ou
1024 2049 1154 2118 [tradem

197 2165 410 2254 Cbinguigne.

243 2381 322 2449 Item
338 2382 369 2449 in
383 2403 442 2450 sua
455 2381 672 2473 descriptione
686 2381 937 2450 continebantur
949 2391 1079 2466 centum
1092 2379 1154 2449 eti*

199 2519 255 2565 seu
282 2497 403 2587 oppida
429 2519 492 2566 non
520 2492 683 2566 deciarata
705 2509 760 2565 aut
786 2496 976 2566 nominatim
1001 2495 1154 2585 specifica*

157 2662 166 2671 .
200 2613 333 2681 totidem
353 2613 469 2681 mitites
490 2635 636 2703 possessa
659 2635 717 2704 per
735 2614 869 2681 modum
893 2611 957 2680 sedi
977 2611 1101 2679 adiuta
1120 2632 1154 2678 eo

200 2738 230 2795 et
241 2713 467 2816 unusquisque
481 2729 651 2797 tenebatur
662 2726 923 2796 serviredomino
934 2725 1041 2794 abbati
1055 2736 1087 2794 et
1099 2745 1154 2794 con

200 2842 232 2910 in
254 2818 354 2911 ar’mis
377 2855 408 2912 ct
431 2844 618 2912 solemniter
635 2855 666 2912 et
687 2843 824 2911 maxime
845 2845 950 2911 tacere
974 2841 1112 2930 stagium
1128 2863 1154 2932 pt

201 2961 267 3029 suis
283 2962 467 3051 sumptibus
480 2962 513 3028 in
535 2962 623 3030 sestis
642 2961 821 3030 Natiuitatis
838 2960 978 3044 Domini,
997 2960 1139 3043 Paschae,

201 3078 297 3145 costis
309 3089 339 3145 et
352 3078 590 3146 solemnitatum
606 3079 706 3168 patris
723 3078 824 3145 nostri
837 3076 922 3144 beati
937 3075 1094 3160 Richarii,
1111 3098 1154 3144 cu

201 3193 428 3277 familiaribus,
455 3206 486 3261 et
513 3194 605 3263 toties
634 3194 761 3283 quoties
786 3203 876 3261 erant
903 3191 1062 3281 requisiti,
1084 3202 1154 3279 etq

204 3309 422 3376 necessarium
446 3322 525 3394 erat,
548 3310 730 3378 serviebant
749 3309 781 3376 in
802 3309 893 3376 curia
916 3308 1016 3409 nostri
1037 3306 1154 3376 ballivii

203 3424 297 3492 solito
317 3437 345 3492 et
362 3438 515 3495 consueto
535 3427 657 3515 absque
674 3425 940 3494 contradictione.
1076 3412 1078 3416 ¹
