2708 4854
717 410 872 480 „n-

260 570 391 659 plentius
407 591 462 658 per
478 570 705 658 inspectionem
721 569 947 658 predictorum
964 571 1001 636 iu
1016 569 1250 658 posoploiloeio,
1265 570 1330 638 lle·

261 689 447 770 suuriorio,
480 696 536 755 out
567 690 739 777 repleutorio
765 691 902 779 ejusdem
936 689 1073 758 ecclesiia
1101 689 1274 775 manifeste
1302 696 1330 756 et

261 815 368 895 operte
389 807 493 874 uideri
513 815 623 895 potest,
648 809 690 874 ud
715 808 844 875 laudem
870 816 899 875 et
919 809 1117 897 preconium
1138 808 1201 876 Dei
1220 809 1329 897 putris

261 925 501 1015 omnipotentis,
519 926 647 993 domiui
665 927 770 995 nostri
789 928 865 994 Jesu
886 928 1013 996 Christi
1029 928 1036 973 ¹
1053 928 1131 1014 filii,
1152 928 1238 994 ulmi
1251 927 1327 1016 Spi-

262 1047 346 1114 ritus
361 1048 487 1132 Sonoti,
502 1048 560 1136 qui
574 1055 618 1115 est
634 1069 732 1132 nuno,
748 1069 806 1137 per
820 1049 931 1115 omniu
946 1049 1134 1116 soculorum
1149 1048 1280 1116 saeeulo.

306 1253 532 1345 Supplioamus
555 1255 736 1324 humillime
758 1267 918 1345 quatenus
942 1255 1097 1339 videntes,
1121 1254 1265 1342 legentes
1290 1275 1326 1322 ao

262 1371 371 1462 polius
388 1371 602 1459 infruigenles
615 1373 676 1440 hoo
688 1373 883 1463 opuseulum
900 1370 1136 1455 abbreviatum,
1154 1370 1323 1453 decimata,

262 1489 403 1558 obmissa
421 1511 517 1558 eausa
532 1489 697 1558 brevitatis
712 1500 768 1557 aut
783 1489 815 1556 in
831 1487 937 1556 verbis
951 1487 1107 1556 maternis
1125 1487 1270 1578 exposita
1285 1506 1323 1553 no

262 1605 288 1673 is
309 1605 370 1673 illis
387 1617 562 1694 generetur
579 1627 683 1690 error,
702 1606 757 1674 sod
775 1604 946 1673 dicretioni
965 1604 1168 1688 emendetur,
1186 1602 1323 1692 benigna

262 1723 507 1814 supportatione
525 1736 695 1813 augeatur,
718 1723 886 1791 minuatur
903 1722 1235 1806 auteonvalescant2.

787 2013 799 2078 l

262 2227 418 2282 Naissance
433 2225 468 2281 de
486 2226 688 2281 lesus-Christ.
705 2257 739 2265 —
753 2227 806 2280 Los
821 2226 890 2280 Rois
903 2228 1007 2296 Magos
1021 2257 1056 2266 -
1071 2225 1192 2281 Herode.
1207 2257 1242 2266 -
1256 2227 1319 2280 llas-

298 2339 378 2379 saorn
398 2323 449 2377 des
469 2325 636 2379 lnnooents.
656 2354 691 2362 —
707 2325 790 2377 lesus
810 2321 924 2394 disputo
944 2321 1016 2376 dans
1030 2321 1056 2376 le
1072 2321 1188 2393 temple.
1206 2353 1241 2361 —
1253 2303 1320 2376 Most

296 2422 429 2477 d'Oolave
446 2423 540 2476 Cesar.
550 2421 702 2477 —'Tibere.
718 2453 753 2460 —-
767 2421 805 2474 Ln
823 2420 944 2474 Pession
958 2419 993 2473 de
1006 2421 1099 2473 lesus.
1115 2451 1149 2458 -
1165 2418 1279 2474 Claude.
1289 2448 1319 2458 —

297 2521 378 2575 Saint
393 2520 487 2575 Pierro
500 2521 516 2574 al
529 2522 630 2574 Rome.
642 2551 676 2558 —
688 2519 769 2574 Soint
779 2520 854 2572 Mare
867 2517 883 2571 ὲ
894 2515 1074 2572 alexandrie.
1087 2548 1122 2556 -
1136 2516 1318 2588 Assonnption

295 2620 330 2674 de
343 2619 370 2673 la
381 2619 493 2690 Viergo.
506 2651 540 2658 -
553 2620 688 2691 Bapteme
700 2617 734 2672 de
748 2617 825 2671 saint
835 2617 933 2671 Donis.
947 2648 981 2655 —
995 2617 1100 2670 Neron.
1113 2647 1148 2654 —
1158 2617 1276 2696 Martyre
1288 2612 1319 2669 de

295 2719 372 2774 saint
388 2718 481 2772 Piorro
499 2721 527 2772 et
543 2716 578 2771 de
594 2717 671 2772 saint
687 2714 765 2770 Paul.
781 2747 816 2755 —
832 2715 998 2786 Vespasien.
1014 2746 1048 2754 -
1061 2714 1152 2769 Titus.

305 2925 356 3009 Et,
380 2923 463 2992 siout
486 2923 676 2992 venerabilis
700 2924 809 2992 Beda³
831 2922 1007 3012 inscripsit,
1035 2922 1188 2991 dominus
1214 2932 1319 2992 noster

258 3041 352 3108 lesus
366 3039 512 3109 Christus
526 3051 620 3109 natus
636 3051 684 3109 est
697 3061 735 3108 ex
750 3039 943 3108 intemerata
957 3038 1081 3125 virgine
1097 3038 1210 3124 Maria,
1228 3049 1270 3122 el,
1285 3046 1319 3105 ul

258 3157 400 3225 breviter
419 3159 605 3246 loquamur,
633 3179 651 3224 a
674 3156 838 3225 eroalione
860 3155 976 3224 mundi·
994 3165 1085 3224 ortus
1104 3166 1152 3224 est
1177 3154 1319 3223 Christus

289 3362 324 3425 (l)
342 3360 468 3424 Ejusdem
482 3361 534 3427 filii
548 3362 616 3413 dans
631 3362 698 3412 Dom
712 3361 833 3412 Grenier.

292 3452 326 3517 (2)
343 3451 366 3503 ls
384 3451 438 3503 illis
455 3452 606 3516 puniretur
623 3465 713 3512 orror,
732 3465 766 3502 ne
788 3450 936 3501 faudrait-il
951 3464 999 3515 pas
1016 3449 1066 3513 lois,
1082 3465 1190 3516 parces
1208 3451 1319 3502 choses?

259 3541 274 3592 n
290 3541 446 3606 maiusque
460 3541 497 3593 La
513 3541 639 3606 Chapelle
658 3541 724 3592 n'ait
742 3540 826 3592 voulu
842 3540 899 3592 dire
917 3544 986 3591 cette
1005 3554 1081 3591 error
1099 3540 1123 3592 is
1137 3553 1227 3593 error.
1242 3567 1270 3576 -
1285 3538 1320 3589 Le

258 3630 356 3695 pluriel
377 3631 564 3682 conratesoont
583 3631 663 3696 apres
681 3630 705 3681 le
727 3629 859 3695 singulier
880 3629 1027 3681 uoluuntur
1045 3643 1079 3682 ne
1099 3629 1246 3696 s'explique
1265 3641 1320 3694 pas.

258 3720 295 3770 La
309 3720 417 3785 presaoe
432 3721 465 3771 de
479 3720 503 3771 J.
521 3721 553 3771 de
569 3720 595 3771 la
609 3719 736 3784 chapelle
750 3724 791 3771 est
805 3723 906 3771 courte.
920 3719 944 3770 Il
957 3720 1015 3771 faut
1028 3733 1130 3772 avouer
1143 3719 1240 3786 qu'elle
1253 3719 1322 3770 n'est

255 3823 303 3875 pas
320 3810 411 3863 olaire.

287 3898 323 3963 (3)
338 3899 387 3959 Ioi,
401 3899 470 3951 daus
488 3899 515 3951 la
530 3899 606 3965 copie
625 3899 658 3951 de
677 3898 786 3964 Baluze,
801 3913 839 3951 un
854 3901 911 3950 mot
924 3897 1161 3965 monosyllabiqua
1179 3912 1232 3965 que
1243 3899 1273 3964 je
1287 3911 1322 3950 no

255 3988 316 4053 puis
330 3987 388 4042 lire.
