2708 4854
668 385 847 457 mppr...

224 550 323 621 abbas
344 550 500 636 l'orduni,
523 551 580 642 qui
595 562 729 643 propter
745 573 851 622 mores
869 574 945 622 suos
956 546 1138 623 'constituit
1157 576 1235 625 enm
1252 577 1300 624 ca·

224 669 388 760 pedanum
406 691 501 737 suum
514 681 546 738 et
560 691 671 738 secum
685 670 776 761 darnit
789 672 1036 761 peregrinanter
1050 671 1084 739 in
1099 673 1297 743 Jerusalem:

226 784 265 852 Et
287 783 320 850 in
347 804 495 871 regressu
521 784 642 852 electus
666 794 715 852 est
737 785 836 883 abbas
859 785 1034 873 vigesimus
1060 787 1178 857 tertius
1201 787 1299 877 hujus

224 899 377 983 coenobii,
401 910 545 989 tempore
565 900 733 968 Guillermi
756 901 841 989 regis
862 901 985 990 dagliae
1000 912 1033 971 et
1046 901 1143 971 ducis
1161 903 1299 973 Norma·

225 1016 300 1101 niae,
316 1025 348 1084 et
366 1027 511 1105 tempore
530 1016 644 1085 Leonis
666 1039 759 1107 papae
778 1016 912 1086 decimi¹
933 1018 989 1108 qui
1010 1004 1092 1087 iecit
1109 1040 1189 1088 enm
1205 1017 1297 1089 citari

224 1143 256 1201 et
270 1154 402 1202 evocare
416 1132 630 1222 personaliter
648 1133 689 1201 ad
706 1133 831 1202 curiam
850 1155 1031 1220 romanam,
1051 1135 1200 1226 eoquod
1218 1157 1300 1226 pre·

224 1250 351 1319 dicabat
369 1250 500 1319 verbum
522 1250 650 1319 Domini
672 1250 796 1340 absque
815 1250 944 1320 licentia
958 1261 989 1320 ct
1009 1251 1081 1320 sine
1096 1252 1299 1323 authoritate

224 1366 400 1457 apostoliea
416 1390 424 1450 3
446 1378 488 1452 et,
506 1366 575 1457 ipso
592 1378 811 1457 comparente,
825 1367 886 1436 suit
901 1367 942 1435 ab
957 1368 1072 1437 eodem
1090 1369 1202 1437 Leone
1215 1390 1299 1459 papa

224 1483 440 1552 arrrtorisatus
462 1483 629 1573 predicare
651 1484 784 1552 rerbum
807 1484 934 1554 Domini
960 1483 1096 1553 ubilibet
1119 1495 1297 1570 terrarum,

224 1602 301 1692 qnia
332 1601 439 1670 affinis
467 1612 499 1669 et
530 1600 657 1669 vicinus
683 1611 752 1670 crat
782 1601 859 1669 dicti
890 1624 983 1692 papae
1014 1600 1150 1670 aalide
1182 1602 1299 1671 Lorin·

224 1719 358 1806 thingia.
377 1717 463 1785 Elin
486 1739 632 1805 regressu
652 1717 869 1786 reaedit'ticarit
891 1719 1047 1809 capellam
1064 1719 1170 1788 beata
1189 1718 1299 1788 illaria

224 1835 257 1902 in
274 1835 389 1925 cripta,
408 1849 439 1903 et
454 1856 563 1902 secum
581 1833 759 1924 deportarit
776 1833 918 1902 infinitas
934 1833 1089 1923 reliquias
1108 1846 1299 1905 sanctorum

224 1962 255 2019 et
269 1962 454 2019 sanctarum
471 1949 541 2034 Dei,
561 1971 701 2039 quorum
720 1959 750 2016 et
766 1971 906 2038 (patarum
925 1948 1058 2045 nomina
1075 1949 1214 2020 hicnon
1230 1952 1300 2021 des-

223 2067 396 2136 cribuntur
416 2065 494 2155 quia
514 2064 721 2133 declarantur
746 2064 778 2132 in
804 2064 942 2134 Cronica
962 2064 1047 2134 loliis
1071 2064 1115 2134 86
1136 2077 1168 2135 et
1188 2065 1247 2153 87,
1270 2077 1302 2137 et

225 2203 323 2272 super
343 2180 446 2270 major
463 2182 563 2248 altare
584 2179 762 2268 incapsarit
785 2179 951 2266 sexaginta
968 2180 1157 2249 sanctuaria
1177 2178 1300 2250 ibid'em

224 2298 386 2366 declarata
409 2296 440 2363 in
463 2295 548 2364 dicta
571 2295 674 2386 cripta
697 2316 809 2363 versus
832 2294 1002 2363 meridiem
1026 2295 1201 2386 inoapsare
1225 2296 1301 2366 iecit

126 2443 129 2450 ·
226 2413 336 2502 viginti
353 2413 549 2497 sanctuaria,
560 2411 795 2501 aedificavitque
810 2411 844 2480 in
858 2411 945 2481 dicta
958 2411 1061 2503 cripta
1074 2413 1179 2483 altare
1196 2412 1300 2507 sancti

226 2530 368 2599 llicbarii
389 2530 476 2619 quod
497 2529 622 2598 ornarit
642 2552 680 2597 en
696 2529 857 2598 sexdecim
877 2529 1085 2614 sanctuariis,
1105 2542 1139 2599 et
1157 2530 1195 2599 in
1215 2553 1301 2622 pne-

224 2648 310 2716 dicta
323 2648 437 2745 cripta,
456 2647 488 2714 in
501 2658 591 2737 parte
606 2646 863 2736 septentrionali,
877 2645 995 2735 vigenti
1008 2657 1083 2717 octo
1095 2646 1299 2732 sanctuaria,

224 2776 254 2834 et
277 2764 426 2832 dedicare
450 2764 526 2832 secit
545 2764 665 2831 dictam
685 2763 842 2853 capellam
861 2762 904 2830 ld
923 2763 1074 2833 calendas
1095 2766 1299 2836 novembris.

224 2883 303 2950 item
323 2881 473 2950 dedicare
489 2880 564 2949 lecit
580 2881 736 2969 capellam
753 2866 924 2949 beatorum
942 2879 1190 2968 Magdelgesilii,
1215 2882 1298 2974 Cay-

223 2999 294 3067 doci
310 2997 479 3067 ctddriani
489 2998 724 3081 consessorum,
736 3007 766 3065 et
779 3019 817 3065 ex
832 2996 895 3065 alio
907 2997 1008 3067 latere
1022 2998 1181 3088 capellam
1193 2998 1300 3068 beatae

224 3113 403 3202 Margaritae
422 3112 554 3201 virginis
574 3123 605 3180 et
622 3111 784 3202 martyris.

745 3313 768 3367 ΙΙ

222 3451 325 3507 Gervin
341 3455 497 3522 augmento
511 3449 539 3505 la
553 3447 751 3519 bibliotheque
767 3446 801 3502 de
816 3445 955 3518 l'abbaye.
971 3477 1006 3487 -
1023 3446 1095 3502 Vens
1115 3445 1152 3503 de
1167 3446 1300 3517 Gnidon,

257 3552 366 3621 evaque
381 3547 540 3616 d'Amiens,
558 3564 609 3600 sur
622 3545 649 3601 le
670 3545 806 3602 tombeau
827 3543 1004 3616 d'lngcrran.
1021 3576 1056 3584 -
1072 3546 1299 3603 contestatione

256 3664 331 3720 pour
344 3645 453 3718 l'dglise
470 3645 504 3700 de
521 3646 683 3701 Scebirilla.

266 3804 345 3871 Item
370 3802 430 3870 iste
453 3800 608 3869 Ger‘rinus
635 3799 818 3869 describere
838 3796 914 3866 lecit
942 3816 1042 3865 unam
1066 3794 1242 3866 librariam
1258 3797 1301 3867 in

252 3961 286 4026 (l)
304 3962 339 4013 Ge
354 3962 426 4014 ladon
442 3961 486 4013 din
501 3974 535 4012 ne
551 3963 616 4027 pent
629 3961 686 4011 etro
700 3973 753 4025 que
768 3959 842 4009 Leon
857 3958 932 4008 nent.
1035 3970 1037 3974 ⁴
