2708 4854
589 377 767 447 ..59-

146 554 335 624 posuerunt,
362 555 392 612 et
414 542 601 612 immediate
625 563 715 610 mare
737 539 870 630 quievit,
893 551 925 609 et
948 551 1018 610 erat
1037 539 1131 630 quasi
1148 539 1210 608 im·

151 658 265 727 mobile
280 660 347 728 sine
364 660 530 728 [luctibus.

197 772 312 843 Relatio
338 775 467 864 patroni
496 774 597 843 nostri
629 755 732 841 sancti
763 767 1100 864 Richa1·ii,'terupore
1132 773 1209 842 dieti

162 880 307 973 lngelradi
329 889 454 957 abbatis
475 900 506 958 et
528 889 560 956 in
583 888 757 978 praesentia
778 887 875 955 totius
898 887 948 955 sui
975 888 1097 973 cleriei,
1123 886 1209 955 mili-

165 1005 234 1086 turn,
248 1005 366 1094 populi,
386 1005 449 1073 tuit
463 1006 547 1073 sacta
568 1004 662 1072 tertia
676 1004 728 1071 die
745 1002 844 1090 junii,
863 1004 1012 1072 eomodo
1031 1015 1207 1095 sequente:

170 1117 269 1190 scilicet
290 1123 376 1211 quod
400 1123 506 1191 dietus
528 1144 584 1190 rex
610 1122 704 1208 lingo
728 1121 838 1210 Cupet,
861 1121 957 1189 nudis
982 1121 1086 1212 capite
1103 1132 1135 1190 et
1154 1143 1211 1212 pe-

172 1231 344 1322 dioscoro
362 1239 542 1326 gratiarum
558 1239 684 1307 actione
705 1250 736 1306 et
751 1239 902 1306 omnihus
922 1239 968 1306 sic
986 1239 1210 1307 assistentibus

174 1347 198 1414 in
208 1356 322 1445 propria
331 1378 484 1446 persona,
494 1378 567 1423 curu
582 1354 716 1423 canticis
730 1366 761 1423 et
772 1355 936 1438 laudibus
948 1376 1065 1445 corpus
1079 1356 1211 1424 sanctis-

174 1463 267 1537 sinnru
291 1472 470 1562 deportavit
497 1483 526 1539 et
551 1493 650 1560 super
675 1469 781 1559 noejus
810 1471 910 1537 attare
940 1470 1037 1559 hujus
1066 1469 1210 1538 ecelesiae

175 1587 301 1669 reposuit.
324 1589 363 1655 Et
385 1588 472 1671 licet,
493 1609 560 1677 pren
578 1586 787 1655 multitudine
807 1587 911 1674 gentis
929 1586 1053 1654 bellicae
1075 1596 1107 1654 et
1129 1585 1209 1654 aciei

172 1703 316 1788 exercitus,
327 1706 368 1772 ab
382 1705 474 1794 equis
488 1716 518 1772 et
528 1706 650 1793 populo
664 1703 758 1770 blada
769 1715 800 1771 et
811 1725 912 1791 grana
924 1703 1061 1770 fuissent
1072 1702 1210 1791 pedibus

171 1821 334 1889 conculcata
354 1833 385 1889 et
406 1800 581 1904 devastata,
611 1804 692 1887 adeo
715 1820 802 1909 quod
825 1840 889 1887 non
911 1831 980 1886 erat
1001 1840 1073 1908 spes
1096 1817 1210 1916 nressis

168 1943 215 1995 nec
242 1958 356 2006 merces
390 1937 523 2020 laboris,
552 1947 660 2005 tamen
686 1936 974 2004 intercessionibus
1000 1948 1031 2003 et
1059 1934 1211 2024 precibus

165 2036 240 2116 beati
256 2052 537 2136 Richarii,ruensis
557 2051 686 2140 atrgusti
707 2053 769 2119 suit
788 2051 954 2141 pinguior,
974 2050 1085 2118 utilior
1100 2050 1132 2116 in
1151 2050 1211 2117 hae

161 2166 310 2239 Pt'0rincia
332 2190 433 2258 super
449 2168 601 2236 omnibus
617 2168 688 2235 aliis
705 2167 798 2235 annis
818 2167 976 2234 excedens
992 2178 1023 2234 ot
1041 2165 1210 2233 abundans

159 2265 182 2334 5¹¹
202 2285 286 2351 orani
304 2287 424 2369 fructu,
445 2285 487 2352 ita
506 2286 592 2374 quod
610 2306 674 2352 non
695 2295 743 2352 est
763 2283 849 2352 visus
867 2283 983 2351 similis
999 2304 1116 2350 annus.

194 2390 237 2465 Et
250 2422 283 2469 eo
297 2413 453 2490 tempore,
470 2401 652 2490 impetrarit
667 2401 773 2468 dietus
787 2401 886 2467 abbas
903 2397 1214 2467 excommunicatio

156 2515 226 2575 narn
242 2535 257 2580 a
273 2516 395 2584 toanne
411 2537 494 2604 papa
513 2515 545 2582 in
565 2515 696 2604 propria
710 2535 847 2604 persona
864 2533 963 2601 super
977 2511 1039 2579 iuis
1056 2509 1112 2599 qui
1128 2509 1211 2578 deti-

155 2617 285 2696 nebant¹
308 2631 351 2715 ri,
368 2631 519 2698 uiolentia
533 2641 589 2698 aut
605 2630 736 2698 nomine
749 2628 905 2718 pignoris,
924 2626 1056 2716 injuste,
1073 2626 1161 2693 villas
1180 2635 1212 2693 et

154 2746 364 2815 nossessiones
381 2746 457 2814 huic
472 2747 616 2815 ecelesiae
633 2747 833 2836 pertinentes
849 2769 857 2828 ;
882 2754 912 2812 et
927 2764 1001 2811 suas
1018 2742 1140 2810 litteras
1160 2741 1210 2809 di-

152 2856 232 2927 rexit
243 2864 629 2954 episeopisdrnbianensi‚
643 2863 829 2945 Morinensi,
846 2860 1040 2930 Tornaeensi
1057 2873 1087 2928 et
1098 2859 1211 2928 Carne-

151 2976 968 3070 ''drensianediantibusquibusrecuperavitplures
978 2977 1208 3068 possessiones.

197 3095 237 3170 Et
253 3107 327 3196 quia
345 3107 517 3176 comitatus
537 3106 660 3176 Pontici
682 3118 712 3175 ct
731 3106 870 3174 Virnenti
894 3105 984 3173 clade
1004 3103 1119 3172 betliea
1138 3124 1210 3172 eor·

148 3216 278 3288 ruerant
297 3243 357 3289 nec
378 3232 471 3289 erant
493 3221 575 3288 vittas
595 3231 730 3289 muratae
752 3232 809 3288 aut
830 3231 946 3303 castra,
966 3219 1035 3308 ipse
1052 3239 1106 3286 rex
1122 3217 1211 3286 dedit

148 3323 350 3424 privilegium
373 3338 462 3405 riitas
488 3349 614 3407 nostras
640 3337 849 3421 fortificandi‚
875 3336 1059 3404 edificandi
1081 3335 1210 3403 castella

148 3448 291 3536 Inurata3
307 3464 350 3538 et,
363 3453 495 3521 nornine
510 3454 740 3536 advocationis,
756 3453 869 3541 gattico
882 3453 1015 3537 oronte,
1028 3463 1059 3520 et
1077 3451 1118 3519 ad
1134 3472 1210 3540 pro·

150 3556 317 3645 tegendum
336 3594 395 3641 nos
408 3583 439 3640 ct
455 3584 581 3641 nostros
597 3572 744 3640 subditos
762 3572 802 3639 ab
819 3571 959 3638 inimicis
976 3569 1107 3654 nostris,
1122 3568 1212 3637 dedit

177 3756 219 3824 (Ι)
233 3764 383 3834 Dcfinebout
402 3768 471 3820 dans
490 3768 516 3820 ln
535 3769 611 3834 copie
630 3768 664 3819 de
683 3767 789 3819 Baluze.
811 3767 885 3818 Dans
904 3771 974 3818 cette
993 3766 1078 3832 partie
1091 3766 1140 3816 des
1154 3779 1210 3816 mn·

151 3846 265 3909 ¹¹userits
282 3859 308 3911 ln
327 3859 518 3924 transcription
537 3859 570 3910 de
592 3858 658 3909 Dona
676 3858 791 3909 Grenier
808 3857 896 3923 paruit
914 3860 1029 3907 souvent
1043 3853 1104 3920 plus
1119 3857 1210 3905 exacte

152 3937 206 3990 (1¹¹0
220 3947 280 4000 cette
294 3949 327 4001 de
342 3947 448 3999 Boluze.
