2708 4854
677 416 879 486 ..100-

245 580 388 649 ecclesian
409 554 631 663 Ambiunensi‚
654 601 751 668 quarn
773 589 953 669 exemptam
974 589 1123 649 tenuerat
1143 580 1189 649 dlx
1207 582 1315 668 annis,

245 697 330 766 sicut
343 707 371 765 ct
387 695 438 765 sui
450 694 715 787 praedecessores,
727 696 850 785 absque
862 695 1046 779 exactione;
1061 707 1094 764 et
1104 696 1183 786 quia
1194 698 1318 767 sciebat

243 813 431 903 episcopum
454 811 702 880 Ambinnensem
726 812 858 880 Folcum
885 800 1078 880 familiarem
1100 835 1176 882 cum
1199 815 1316 885 abbate

244 931 419 1017 ingerrano
435 939 467 996 et
482 949 556 996 cum
570 927 707 997 Gemino
724 950 784 998 suo
802 928 1056 1018 avunculo,(qui
1069 929 1230 1000 Geminus
1247 932 1316 1000 suis

240 1044 392 1135 precibus
417 1043 450 1110 in
474 1042 610 1111 concilio
631 1042 773 1131 generali
796 1041 948 1111 Remensi
969 1043 1170 1113 conservavit
1189 1044 1314 1114 dictum

241 1161 373 1230 l'olcum
391 1159 431 1228 ab
449 1158 782 1228 excommunicatione
797 1170 827 1227 et
844 1157 1022 1249 privatione
1034 1180 1103 1228 suae
1119 1160 1314 1252 episcopalis

239 1278 406 1365 dignitatis
426 1298 484 1368 per
503 1277 641 1346 Leonem
663 1275 809 1367 papam)
827 1287 858 1344 et
876 1275 973 1345 etiem
990 1275 1113 1346 sciebat
1128 1276 1313 1347 Gnidonem

239 1396 427 1485 episcopum
447 1415 544 1462 suum
560 1394 831 1484 predecessorem
849 1372 918 1462 csse
931 1393 1061 1461 affinem
1076 1393 1154 1462 huic
1167 1393 1314 1463 ecolesiae

237 1533 297 1602 per
314 1511 568 1600 asportationum
589 1521 620 1578 et
636 1511 906 1580 substractionem
924 1520 1110 1579 nostrarum
1128 1511 1314 1581 litterarum

239 1639 270 1695 ct
285 1627 486 1696 cartularum
508 1626 719 1716 exemptionis
735 1648 816 1716 quas
835 1626 946 1694 lurtim
965 1648 1076 1696 secum
1091 1626 1174 1696 clarn
1193 1627 1315 1718 depor-

239 1745 393 1829 caveron,
416 1744 542 1812 studuit
565 1743 649 1812 hanc
668 1744 836 1812 ecclesiam
860 1765 930 1813 esse
955 1743 1157 1834 episcopatui
1179 1744 1314 1814 Ambia-

238 1861 330 1930 nensi
348 1861 539 1952 subjectum,
556 1874 599 1945 et,
619 1861 839 1932 continuando
857 1861 977 1952 injuste
992 1863 1110 1932 multas
1125 1863 1314 1954 oppressio-

237 1999 307 2062 nes,
331 1977 480 2065 injurias,
503 1978 622 2046 damna
641 1989 672 2046 ct
689 1979 846 2047 moestus2
863 1978 957 2047 nobis
976 1988 1008 2047 et
1027 1978 1089 2048 sibi
1108 1980 1311 2071 procuravit.

237 2093 342 2184 Super
356 2094 475 2184 quibus
490 2095 596 2164 clerus
607 2094 834 2163 Ambianensis
847 2105 878 2164 et
892 2095 1032 2185 populus
1042 2095 1187 2183 uulgaris
1199 2105 1314 2164 contra

238 2232 311 2278 eum
337 2211 477 2278 elevatus
504 2222 563 2296 est,
587 2221 617 2279 et
642 2211 669 2278 vi
694 2222 726 2280 et
742 2211 893 2279 uiolentia
918 2203 1147 2280 miserabiliter
1171 2211 1313 2301 expulsit

239 2348 313 2394 cum
333 2326 506 2410 acixitute,
524 2339 555 2395 et
574 2327 740 2418 priuauita
758 2326 916 2415 regimine
931 2326 1098 2418 pastorali,
1118 2337 1151 2395 et
1169 2348 1311 2418 pauper,

239 2442 420 2525 mendicus,
449 2443 633 2512 denudatus
665 2443 804 2512 abonis
831 2434 1075 2535 temporalibus,
1109 2442 1144 2511 in
1172 2443 1312 2513 ecclesia

238 2559 368 2627 lluioris
388 2560 571 2628 llonustcrii
593 2581 695 2651 prope
716 2559 860 2628 Turones
882 2558 1044 2648 refugium
1063 2559 1201 2650 accepit,
1223 2569 1257 2628 et
1270 2560 1312 2629 ab

237 2675 352 2744 abbate
368 2675 535 2763 tietgaudo
557 2676 634 2744 dicti
653 2676 714 2745 loci
730 2675 846 2744 humili
871 2686 903 2745 et
921 2675 1064 2764 benigno
1083 2687 1236 2767 receptus
1263 2687 1313 2746 est

238 2791 416 2859 humiliter.
440 2791 612 2861 Confessus
630 2803 678 2860 est
693 2792 812 2860 ibidem
833 2802 964 2882 peccata
989 2814 1061 2878 sua,
1081 2786 1310 2883 poenitcntiem

237 2907 303 2995 egit
328 2907 462 2976 consilio
483 2907 560 2976 dicti
585 2907 756 2996 llelgaudi‚
779 2906 872 2976 aliter
892 2908 1024 2997 nemu,
1056 2917 1088 2977 et
1112 2919 1187 3000 post
1210 2906 1309 2978 breve

239 3034 368 3114 tempus
384 3024 471 3093 diem
492 3024 607 3093 clausit
623 3036 797 3093 extremum
814 3035 930 3114 quarto
945 3023 1019 3093 idus
1029 3022 1186 3112 januarii.

241 3291 243 3296 ·
267 3268 302 3333 (l)
317 3269 430 3330 Gervtn,
448 3270 539 3321 suut-il
558 3272 742 3336 commende,
762 3271 835 3322 aruit
853 3270 943 3337 appris
959 3269 1018 3322 celo
1036 3270 1106 3322 dans
1119 3268 1160 3322 les
1175 3269 1264 3323 lettres
1277 3274 1303 3322 et

236 3359 276 3410 les
291 3359 398 3410 chortes
412 3360 571 3411 soustreites
586 3374 635 3426 por
649 3360 686 3411 lui
702 3360 718 3411 d
733 3360 863 3425 l'ubboye.
882 3387 914 3397 -
932 3360 1018 3411 Toute
1036 3364 1107 3411 cette
1125 3359 1213 3425 partie
1229 3359 1263 3411 de
1277 3359 1301 3411 lu

234 3446 384 3511 chronique
399 3446 432 3497 de
447 3446 472 3497 J.
489 3447 521 3498 de
537 3446 563 3498 lo
577 3446 702 3512 Chupette
717 3452 758 3499 est
772 3447 805 3498 de
819 3446 957 3498 redactiou
971 3447 1026 3499 tres
1040 3460 1094 3513 peu
1108 3448 1201 3502 cloire.

265 3536 300 3599 (t)
316 3536 357 3588 On
379 3551 396 3587 o
415 3536 482 3587 ecrit
500 3536 643 3588 uudcssus
666 3539 764 3589 custus.
788 3537 840 3589 Les
857 3537 928 3588 deux
948 3539 1019 3588 mols
1043 3550 1073 3589 se
1096 3538 1296 3603 communem,

230 3626 322 3693 peincs
337 3639 371 3677 ou
386 3624 467 3678 coctts.
