2708 4854
579 418 781 487 -171-

183 581 235 636 des
253 580 343 636 reins.
360 613 394 621 —
415 584 453 637 Le
471 582 535 654 paix
554 581 677 638 eonelue
696 586 778 637 entre
798 582 825 637 le
841 582 884 637 roi
902 582 937 637 de
953 584 1060 638 Franee
1074 588 1102 638 et
1117 583 1144 638 le
1159 583 1216 639 duc

184 679 221 736 de
240 681 420 751 Bourgogne.
434 680 460 735 le
479 682 631 736 romenei
648 681 876 751 Saint-Riquier.
894 683 980 736 -Le
1000 681 1146 737 merochel
1165 680 1215 738 des

186 778 315 842 Querdes
340 779 432 848 reeoit
455 778 643 851 l’hospitalite
667 780 740 834 dans
757 778 783 834 le
803 779 902 851 refuge
923 780 957 835 de
975 779 1217 849 Saint-Riquiera

184 875 344 946 attonite,
367 882 394 932 et
413 880 484 932 Mmes
502 875 612 950 d'Auxy
632 881 660 932 et
679 877 729 932 des
749 877 878 942 Querdes
898 878 972 933 dans
990 877 1016 932 le
1036 878 1158 933 ehtteau
1181 877 1216 932 de

184 977 293 1046 Drugy.
310 1007 344 1014 —
364 977 417 1031 Les
438 963 557 1047 anglais
571 976 589 1029 ai
603 976 831 1047 Saint-Riquier.
858 980 937 1032 titt.
957 1008 991 1016 -
1008 979 1098 1032 Leurs
1116 977 1215 1048 degtts

184 1073 259 1127 dans
279 1072 323 1127 les
339 1073 415 1128 bois
430 1105 465 1114 -
485 1073 522 1128 lis
541 1073 658 1129 brulent
674 1073 821 1146 plusieurs
840 1075 972 1130 maisons
989 1074 1024 1130 de
1041 1074 1069 1129 la
1088 1073 1165 1129 viile.
1180 1103 1216 1117 -

183 1174 289 1243 Depart
309 1171 344 1227 de
363 1170 455 1230 l'ahbe
476 1173 590 1240 Pierre;
607 1172 628 1227 il
645 1189 676 1228 se
696 1173 782 1228 retire
797 1174 813 1227 ai
827 1175 918 1245 Auxy,
935 1174 1001 1246 puis
1016 1174 1033 1228 a
1048 1174 1166 1230 Hesdin.
1181 1153 1216 1213 ζ-

184 1270 240 1321 Des
260 1283 334 1339 gens
353 1268 388 1322 de
409 1284 523 1340 guerre,
545 1272 671 1341 envoyes
689 1285 741 1341 par
760 1269 786 1324 le
806 1269 863 1325 duc
883 1270 917 1325 de
933 1249 1116 1342 Bourgogne,
1133 1287 1215 1326 eom-

183 1370 310 1421 mettent
328 1364 455 1421 d'autres
474 1382 591 1438 nonroges
612 1383 648 1421 en
669 1371 747 1423 tata.
762 1399 796 1407 -
812 1370 849 1423 Le
864 1369 1012 1425 marechal
1027 1369 1063 1425 de
1077 1369 1215 1427 Gueldres

184 1462 328 1519 s'installe
347 1465 363 1518 a
385 1481 438 1518 son
458 1469 525 1519 tour
542 1464 615 1519 dans
632 1463 760 1538 l'abhaye
776 1471 804 1521 et
820 1466 946 1522 travaille
962 1467 1159 1540 pitensement
1172 1467 1215 1523 les

181 1578 308 1635 pauvres
323 1563 448 1618 moines.
464 1565 549 1618 —La
563 1568 642 1635 peste
658 1580 689 1618 se
704 1565 812 1636 repand
827 1566 920 1637 parmi
935 1581 981 1620 ses
996 1567 1141 1621 hommes

192 1771 286 1854 Item,
299 1769 552 1858 praenominatus
566 1771 676 1856 abhas,
692 1792 776 1839 anno
792 1769 891 1856 1470,
901 1769 1006 1861 prima
1019 1770 1071 1840 die
1085 1772 1211 1854 februa,

146 1886 199 1966 rii,
217 1887 258 1955 de
272 1886 478 1954 Abbatisviila
493 1909 568 1954 cum
584 1887 715 1956 domino
733 1887 879 1977 Phiiippo
893 1889 931 1956 de
947 1888 1213 1967 Graecumue-
1278 1919 1282 1924 ·

146 2001 235 2069 mina
249 2000 326 2068 dieti
338 2000 482 2085 Auxiaei,
494 2001 626 2069 domina
639 2002 835 2091 Desquerdes
847 2001 925 2070 dieti
938 2001 1061 2070 domini
1074 2001 1213 2092 Philippi

147 2139 259 2200 uxore,
280 2128 402 2185 etcum
423 2117 577 2205 magistro
595 2119 718 2186 Joanne
740 2118 809 2207 ejus
829 2120 941 2203 fratre,
964 2118 1142 2186 Auxiaeum
1162 2140 1213 2187 re·
1304 2180 1305 2184 ,

146 2234 313 2324 peditavit,
331 2245 362 2302 et
376 2234 416 2302 de
431 2235 560 2302 castello
576 2234 653 2302 dicti
668 2234 813 2320 Auxiaei,
827 2256 887 2324 pro
906 2235 982 2304 belli
996 2235 1211 2304 commotione

145 2349 307 2433 evitanda,
317 2349 357 2417 ad
370 2349 522 2418 Sanctum
535 2350 731 2419 Odomarum
744 2352 880 2441 proseeti
893 2364 968 2420 sunt
978 2375 986 2435 ;
996 2342 1036 2420 'et
1049 2352 1093 2420 ibi
1107 2352 1212 2420 dietus

144 2467 245 2532 abbas
266 2486 416 2552 magnam
440 2477 471 2533 et
498 2466 710 2556 impatibilem
732 2467 765 2534 in
785 2467 852 2535 suis
872 2468 1008 2556 genibus
1029 2478 1061 2537 et
1081 2467 1212 2536 renibus

145 2604 261 2672 passus
285 2593 333 2650 est
359 2582 597 2670 [egritudinem.
628 2583 745 2650 Tribus
769 2606 844 2652 vero
871 2585 1037 2653 mensibus
1059 2585 1211 2674 peractis,

145 2700 233 2767 iiiine
258 2698 526 2788 repatriaverunt,
549 2699 701 2788 quoniam
723 2711 800 2767 tune
828 2700 894 2768 Rex
922 2700 1066 2770 Franeim
1095 2713 1126 2770 et
1148 2702 1213 2770 dur

146 2815 344 2904 Burgundio
360 2815 451 2905 juxta
470 2815 658 2884 Ambianis¹
682 2838 794 2906 pacem
818 2817 1105 2886 concordaverunt.
1127 2820 1212 2889 Prn-

147 2944 247 3016 terea,
260 2932 410 3000 dominus
420 2934 473 3000 des
483 2933 634 3018 Querdes,
645 2955 718 3001 eum
730 2955 789 3001 suo
801 2944 898 3018 statu,
910 2933 943 3001 in
956 2935 1095 3026 hospitio
1106 2935 1212 3005 Sancti

147 3049 291 3117 Rieirarii
303 3048 335 3115 in
348 3049 565 3134 abbatisvilla,
576 3050 628 3119 die
641 3049 840 3118 sacramenti
853 3049 1038 3129 immediate
1050 3052 1210 3141 sequenti,

146 3165 328 3255 hospitatus
342 3177 401 3249 est,
418 3176 449 3233 et
468 3166 532 3234 illie
551 3166 737 3255 quindecim
751 3166 917 3234 mensibus
933 3167 1051 3236 mansit
1064 3167 1208 3256 integris.

146 3283 239 3364 item,
259 3280 430 3370 praedietas
448 3282 608 3366 dominaS,
628 3281 777 3369 videlieet
790 3282 955 3351 dominam
971 3283 1010 3351 de
1025 3283 1166 3353 Auxiaeo
1181 3295 1212 3353 et

146 3397 313 3465 dominam
334 3396 404 3486 ejus
425 3418 558 3466 uxorem
580 3398 613 3464 in
635 3399 800 3466 castellum
823 3398 863 3466 de
882 3398 968 3467 dieto
985 3398 1144 3488 Drugiaeo
1163 3422 1212 3468 re·

144 3511 215 3579 nire
241 3522 272 3579 et
296 3511 453 3601 hospitari
478 3512 651 3595 mandarit,
681 3533 754 3601 quae
777 3513 1021 3601 quatuordeeim
1046 3513 1211 3582 mensibus

148 3648 297 3695 mansere
319 3627 491 3695 continuis.
510 3630 601 3697 Anno
621 3627 719 3713 tttt,
740 3629 898 3697 inmense
918 3628 1070 3712 octobris,
1088 3628 1212 3716 anglici

149 3744 189 3812 ad
210 3746 364 3814 Sanctum
384 3745 570 3814 Ricirarium
592 3747 748 3837 hospitari
771 3757 945 3829 uenerunt,
967 3766 1106 3835 quorum
1128 3745 1212 3836 eapi-

173 3973 210 4036 (t)
224 3973 392 4025 Ariminnum
406 3973 474 4026 dans
489 3974 603 4026 l'entrait
616 3975 650 4026 de
664 3975 786 4040 Bommy.
846 4009 855 4025 .
