2708 4854
499 413 700 484 -ttta-

57 573 162 664 pulis,
186 573 301 665 (aliqui
325 574 477 644 dixerunt
504 598 578 644 cum
603 575 736 664 triginta
758 576 952 667 discipulis}
976 599 1051 646 cum
1073 600 1134 647 suo

58 702 155 780 patre
168 691 316 760 fundavit
330 692 464 761 domum
481 704 512 761 et
529 691 698 761 ecclesiam
713 694 754 762 de
772 694 972 776 Ciereneam·
989 705 1021 764 et
1037 696 1135 785 quin·

58 807 169 876 decim
185 807 280 876 annis
297 808 426 899 elapsis,
446 831 484 877 ex
500 808 635 878 consilio
654 808 732 877 dicti
748 811 899 895 Ancheri,
923 810 1062 880 instituit
1079 834 1134 881 or-

58 923 173 992 dinem
191 935 222 993 et
234 925 402 994 ecclesiam
418 926 459 994 de
474 925 621 1008 Citiaua,
637 947 710 1015 quae
723 926 842 995 dieitur
855 928 935 997 ordo
949 928 1129 1014 Cistiensis,

59 1041 227 1110 derivatus
240 1052 271 1110 et
288 1042 465 1133 procedens
481 1042 648 1110 exordiae
665 1042 750 1110 beati
768 1043 931 1113 Benedicti
947 1069 956 1129 ;
975 1056 1007 1114 et
1021 1047 1133 1136 plures

60 1167 168 1225 cartas
187 1168 219 1226 et
236 1157 388 1248 epistolas
404 1158 446 1226 ad
464 1179 498 1226 se
518 1157 655 1226 invicem
676 1158 846 1227 mittebant
865 1160 1129 1249 inaugmentum

61 1272 139 1341 fidei
160 1273 339 1342 catholicae.
637 1345 639 1350 ,

107 1391 229 1461 Eodem
249 1402 404 1482 tempore,
426 1392 607 1461 Ludovieus
626 1393 764 1462 Grnssus
785 1415 839 1463 rea
855 1393 931 1463 feeit
946 1394 1130 1465 interficere

60 1500 291 1577 Bouchardum
315 1507 524 1598 praepositum
556 1508 595 1576 de
627 1509 749 1596 Brupes
775 1507 962 1577 existentem
990 1509 1128 1598 genibus

60 1625 153 1694 flexis
182 1634 215 1694 et
242 1635 388 1693 orantem
419 1624 453 1691 in
480 1623 627 1708 ecelesia,
654 1637 686 1693 et
708 1646 826 1715 corpus
846 1624 917 1715 ejus
938 1625 1076 1716 sepelire
1097 1626 1130 1694 in

60 1741 170 1811 cloaca
186 1752 219 1809 et
233 1739 415 1809 necessario
427 1762 483 1809 seu
497 1741 718 1830 sterquilinio,
736 1753 767 1810 et
786 1742 984 1831 suspendere
1004 1742 1081 1811 iecit
1098 1743 1132 1812 in

58 1855 207 1946 patibulo
218 1855 362 1924 Bertovai
378 1869 409 1924 et
426 1856 603 1941 lsaae,du0
617 1855 740 1924 nobiles
751 1857 773 1941 ¹,
789 1868 820 1925 et
832 1878 907 1925 eum
924 1855 1002 1946 ipsis
1019 1879 1132 1946 quem·

58 1971 135 2039 dam
161 1971 357 2040 monaahum
380 1982 411 2039 et
434 1991 537 2039 unum
559 1992 684 2040 canem.
715 1971 806 2052 Quod
830 1971 938 2041 dietus
962 1973 1130 2044 Ancherus

56 2088 238 2180 increpavit
257 2099 288 2157 et
305 2087 509 2178 vituperavit.

103 2205 145 2273 Et
170 2217 246 2273 tunc
275 2205 441 2296 temporis,
469 2207 552 2274 iacta
580 2216 657 2275 suut
676 2205 803 2275 infinita
827 2207 984 2276 miracula
1009 2208 1043 2276 in
1068 2209 1131 2277 hac

56 2321 194 2391 eeclesia
210 2321 251 2388 ad
266 2322 436 2412 sepulchra
455 2333 641 2390 sanctorum
662 2322 804 2390 Richarii
824 2333 855 2392 et
873 2323 1052 2412 angilberti
1068 2325 1127 2394 de·

56 2439 246 2505 functurum
265 2435 332 2525 jam
352 2447 444 2505 erant
464 2436 529 2505 297
548 2436 637 2504 anni.
658 2435 796 2516 Quidam
817 2457 922 2507 cacus
941 2438 981 2507 de
1003 2440 1126 2507 Drucat

55 2554 121 2623 suit
135 2554 335 2623 illuminatus
347 2553 400 2622 die
414 2553 578 2622 dominica
593 2553 699 2643 pridie
716 2554 867 2624 calendas
884 2555 973 2623 maii.
987 2555 1126 2637 Quidam

56 2678 243 2737 contractus
264 2679 294 2736 et
319 2668 480 2757 impotens
500 2667 646 2756 ejusdem
666 2668 746 2737 villae
765 2669 826 2737 init
846 2690 945 2738 sanus
962 2680 994 2738 et
1012 2669 1124 2738 deam·

54 2786 184 2854 huians.
203 2785 293 2854 Unus
313 2786 532 2855 daemoniacus
554 2787 658 2856 iaetus
679 2797 728 2855 est
746 2787 829 2856 liber
848 2800 880 2856 et
899 2807 1009 2856 sanus.
1035 2788 1124 2857 Unus

54 2901 190 2971 scutifer
214 2902 335 2971 habens
354 2903 452 2992 pedes
477 2905 632 2993 porosas‘2
648 2914 680 2972 et
698 2903 884 2972 combustos
900 2903 1023 2995 recepit
1039 2904 1126 2974 sani-

54 3027 165 3084 tatem.
184 3015 338 3097 Quaedam
352 3016 469 3085 mulier
480 3017 521 3086 de
533 3017 693 3101 Vimento,
709 3017 863 3102 lunatica,
879 3018 1001 3087 habens
1017 3018 1125 3088 frene-

55 3131 129 3217 sim,
156 3131 201 3200 ita
222 3131 310 3221 quod
337 3131 383 3200 illi
409 3131 573 3220 ligabant³
591 3153 706 3201 manus
730 3153 772 3202 ne
795 3132 976 3202 eradicaret
996 3135 1122 3219 oculos,

55 3270 183 3332 nasum,
199 3269 308 3333 aurea,
324 3247 510 3319 immediate
523 3249 623 3319 voluit
634 3248 781 3318 confiteri
796 3259 828 3317 et
840 3248 985 3340 recipere
1001 3271 1121 3342 corpus

56 3363 183 3432 Domini
195 3387 203 3447 ;
215 3386 281 3455 quo
294 3365 389 3449 iacto,
399 3365 520 3454 quievit
532 3376 563 3433 et
573 3365 656 3433 facta
669 3376 717 3434 est
726 3385 815 3434 sana.
827 3364 981 3445 Quadam
993 3364 1121 3455 juvenis

57 3482 161 3568 puelia
179 3482 219 3550 de
240 3480 375 3550 Corbeia
397 3481 583 3572 perdiderat
599 3481 663 3549 rim
680 3492 712 3550 et
731 3480 957 3550 fortitudinem
974 3481 1025 3551 sui
1046 3481 1123 3550 bra-

85 3705 119 3767 (1)
134 3703 208 3756 Dans
223 3703 249 3755 ln
263 3703 339 3768 copie
350 3703 383 3755 de
394 3703 460 3756 Dom
470 3704 583 3756 Grenier
594 3703 648 3756 duo
664 3703 764 3757 nobitas
777 3716 897 3770 quorum
909 3703 1018 3770 primus
1033 3703 1125 3770 appet-

59 3791 164 3845 tatatur
177 3792 312 3855 Bertouat,
325 3793 461 3849 secundus
475 3792 560 3846 Isaac,

87 3882 119 3942 rt)
131 3881 164 3933 Je
178 3895 213 3933 ne
226 3895 297 3947 pcux
312 3880 362 3933 lira
375 3895 428 3947 que
440 3895 557 3948 perosos.
570 3909 600 3918 -
610 3879 719 3933 Perotot
733 3880 850 3932 serait-il
863 3881 926 3947 plus
941 3878 1125 3933 satissaisant?

89 3969 121 4033 (t)
136 3967 302 4036 dicabantur
316 3969 385 4021 dans
400 3969 425 4022 la
440 3969 516 4036 eopia
531 3969 565 4021 de
579 3969 647 4021 Dum
661 3969 784 4021 Greniar.
