2708 4854
632 393 834 464 -l8li-

199 569 298 641 rorat,
325 555 465 646 alicujus
490 557 625 626 consilio
642 558 755 638 lullus,
776 557 810 624 in
829 557 984 648 propria¹
1006 557 1095 649 apud
1114 556 1267 628 Sanctum

198 673 420 741 :ludornarum
443 673 540 755 venit,
567 674 624 762 qni
651 685 759 742 tamen
782 673 890 763 prima
909 673 992 743 facie
1013 694 1048 742 se
1072 686 1269 765 praesentare

198 790 332 878 [tralato
346 789 480 858 domino
499 789 608 857 abbati
624 811 723 857 ausus
743 810 809 857 non
825 790 900 874 luit,
916 790 973 858 sed
987 789 1220 880 aliquantum‘2
1235 790 1268 858 in

199 906 272 973 rilla
295 904 337 973 gu
352 905 528 973 :ludomari
554 906 685 989 mansit,
705 905 776 994 ipso
795 905 929 974 domino
955 906 1072 976 abbate
1090 907 1265 976 nesciente.

196 1021 313 1110 Aliqua
331 1043 471 1110 persona
488 1021 677 1111 interposita
698 1021 769 1111 ipso
785 1021 895 1089 abbati
915 1021 1077 1089 intimavit
1095 1022 1267 1112 prefatum

199 1139 410 1206 Eustachium
434 1139 575 1207 indicta
599 1138 672 1205 villa
696 1160 766 1207 esse
790 1150 822 1206 et
850 1160 924 1207 mox
951 1150 989 1206 ut
1012 1137 1090 1207 talia
1109 1140 1208 1208 verba
1227 1139 1266 1207 ad

197 1277 293 1323 atores
305 1277 380 1323 suas
392 1266 623 1345 pervenerunt,
634 1255 732 1323 dixit:
747 1280 760 1319 r
773 1255 881 1323 Facite
895 1256 985 1323 illum
1000 1256 1111 1325 venire
1121 1257 1163 1324 ad
1176 1279 1265 1325 me.)

198 1372 280 1438 llere
300 1371 368 1461 ipse
387 1371 593 1453 baetonibus,
616 1371 755 1437 multum
774 1371 903 1453 timens,
923 1371 1059 1439 renitet
1076 1394 1188 1440 coram
1209 1393 1269 1440 suo

197 1487 328 1575 praelato
345 1486 538 1575 comparuit.
555 1486 615 1565 Qui
631 1486 838 1571 Eustaclrius,
853 1486 945 1577 prius
959 1509 979 1554 a
994 1509 1055 1556 suo
1067 1488 1186 1556 abbate
1197 1487 1266 1577 jam

196 1602 283 1671 dicto
300 1603 486 1692 increpatus
505 1602 544 1670 ad
562 1603 641 1693 quid
657 1603 771 1671 venisti
783 1605 809 1687 ³,
827 1614 859 1671 et
877 1603 918 1670 ob
934 1603 1015 1693 quid
1031 1616 1168 1695 propter
1184 1625 1269 1695 prm·

195 1719 319 1787 ‹lictum
348 1719 505 1787 iacobum
536 1719 756 1786 Huudrecbies
783 1741 858 1787 cum
888 1720 1013 1788 cacteris
1041 1720 1202 1808 religiosis
1227 1722 1270 1790 de

198 1835 372 1903 idoneitate
386 1834 488 1924 ipsius
502 1835 717 1903 Huardreclu'cs
730 1835 931 1922 signavissot‚
948 1835 1017 1926 ipse
1031 1857 1066 1905 se
1082 1837 1270 1906 excusando

196 1950 305 2019 omnia
324 1971 397 2039 qum
414 1950 514 2018 roluit
530 1951 708 2040 rospondit.
726 1952 875 2018 Attamen
892 1952 1048 2041 praelatus
1066 1950 1169 2021 abbas
1188 1951 1272 2020 dixit

196 2067 266 2133 illi:
293 2095 305 2127 ι
329 2067 413 2134 Bene
436 2066 574 2146 veneris,
599 2065 671 2134 ride
688 2087 729 2134 ne
749 2088 768 2133 a
791 2087 843 2134 me
863 2065 1012 2135 discedas
1030 2066 1136 2135 donec
1153 2067 1212 2135 tibi
1229 2089 1268 2136 ea

199 2208 212 2247 o
240 2203 313 2272 qum
331 2204 403 2250 sum
421 2182 566 2250 iacturas
581 2182 828 2250 manifestavero
844 2181 869 2249 4,
890 2205 905 2246 a

240 2300 280 2367 Et
299 2310 371 2390 post
397 2320 518 2388 paucos
542 2299 624 2381 dies,
649 2299 783 2367 consilio
809 2299 900 2388 prius
922 2298 1046 2384 habito,
1072 2299 1269 2390 saepedictus

194 2417 308 2485 Petrus
336 2417 435 2484 abbas
454 2416 646 2505 praedictum
680 2414 892 2482 Eustachium
920 2414 955 2482 in
984 2414 1212 2504 spiritualibus
1236 2428 1268 2485 et

196 2530 427 2620 temporalibus
438 2551 534 2597 strum
551 2528 691 2597 instituit
707 2529 877 2613 ricarium,
896 2541 994 2619 atque
1009 2550 1107 2600 omne
1120 2531 1267 2621 regimen

194 2645 337 2713 ccclesiae
349 2644 439 2712 dedit
453 2644 510 2728 illi,
521 2644 560 2712 ad
571 2643 792 2734 incipiendum
806 2657 923 2734 quarta
936 2644 988 2714 die
1001 2644 1271 2732 lebruarii,anno

194 2760 321 2829 Domini
342 2758 429 2828 1478
447 2760 494 2826 rol
515 2758 655 2828 circiter.
679 2759 814 2840 Deinde,
835 2769 909 2849 post
924 2780 1048 2850 paucos
1063 2759 1147 2845 dies,
1169 2783 1267 2831 suum

193 2876 367 2963 resignarit
381 2875 576 2944 beneficium
592 2886 624 2943 et
639 2875 833 2943 abbatialem
847 2875 1037 2963 dignitatem
1051 2876 1140 2945 dicto
1154 2878 1269 2946 Eusta-

193 2988 279 3073 cbio,
307 2988 415 3077 aliqua
439 3000 545 3056 tamon
569 2988 724 3078 pensione
756 2999 905 3072 retenta;
931 3000 963 3057 et
988 2988 1077 3078 quod
1107 3001 1266 3059 statutum

194 3117 242 3173 est
260 3105 411 3172 omnibus
430 3105 528 3172 semel
544 3104 640 3187 mori,
656 3104 725 3193 ipse
743 3104 857 3172 Petrus
872 3105 985 3189 abbas,
1003 3126 1063 3174 sua
1075 3105 1270 3176 infirmitate

194 3219 332 3287 maxime
353 3230 515 3306 gravatae,
538 3229 709 3309 postquam
731 3241 750 3286 a
771 3219 881 3309 priore
898 3219 1006 3289 Sancti
1023 3221 1148 3290 Bertini
1164 3222 1269 3291 eccle·

192 3335 329 3403 siasticis
348 3335 407 3403 luit
426 3335 571 3402 munitus
591 3335 814 3415 sacramentis,
834 3357 930 3403 suum
948 3335 1037 3404 diem
1059 3337 1215 3406 ultimum
1230 3337 1269 3406 ‘in

193 3451 245 3519 dic
266 3450 392 3519 transiit
405 3449 590 3534 cinerum,
614 3471 699 3518 anno
718 3449 846 3518 Domini
862 3449 962 3536 1480,
985 3452 1198 3542 sepultusque
1220 3464 1272 3521 est

223 3619 256 3682 (l)
272 3617 389 3684 Propria
401 3631 538 3683 personna
551 3617 620 3668 dans
634 3617 750 3668 l'extrait
763 3616 796 3668 de
813 3617 934 3682 Bommy.

222 3700 258 3760 (2)
271 3696 479 3764 Aliquantulum
493 3698 561 3748 dans
574 3696 600 3748 lo
615 3698 691 3762 copie
706 3697 740 3748 de
755 3697 823 3748 Dom
837 3697 961 3749 Grenier.

223 3779 259 3842 (3)
280 3777 391 3830 Venisset
406 3780 475 3829 dans
490 3777 557 3828 Dom
573 3777 695 3829 Grenier.

224 3859 258 3921 (l)
273 3854 333 3920 Qua
346 3858 398 3908 stru
413 3857 541 3921 lecturus
554 3855 792 3920 anonisestouerim
807 3856 876 3907 dans
892 3856 959 3907 Dom
974 3855 1083 3908 Cotron.

224 3939 258 3999 (5)
274 3935 375 3989 Clausit
390 3940 419 3989 ln
434 3937 478 3988 die
492 3935 632 3988 diriorum.
648 3964 678 3973 -
692 3936 797 3988 Extrait
810 3937 843 3987 de
858 3936 980 4001 Bommy.
