2708 4854
548 394 780 482 fise-

150 577 167 621 ›
191 555 266 623 dem
291 555 336 624 sis
353 566 471 625 unctus
487 576 541 624 rex
560 567 592 624 et
611 555 643 622 in
660 555 734 623 villa
746 554 852 623 Sancti
869 552 1011 646 Dionysii
1028 567 1211 626 coronatus.

152 694 167 737 r
192 671 285 751 Quod
299 670 429 756 laeiam,
446 683 477 740 et
489 672 529 740 de
541 672 604 741 illis
620 693 684 741 non
696 671 824 739 dubites
840 672 948 762 quiea
964 672 1100 742 llomino
1117 673 1215 742 missa

154 811 167 851 i
194 808 280 855 sum.
305 815 319 848 ι
344 788 434 868 Quod
459 788 546 873 lecit,
568 789 645 879 quia
666 789 736 879 ipsa
756 800 879 856 armata
903 811 978 856 cum
998 811 1057 858 suo
1073 790 1215 859 exercitu

149 902 266 971 devicit
282 904 433 992 A‘nglicos
448 914 479 973 et
493 926 568 973 suas
583 904 728 973 hastilias
741 916 814 973 ante
830 905 936 972 villam
953 905 1217 974 Aurelianensem

148 1018 347 1107 subjugarit,
368 1031 400 1087 et
422 1020 531 1108 lugam
550 1031 757 1110 aeceperunt.
780 1019 953 1089 Constituit
973 1021 1217 1112 prisioniarium

150 1135 189 1202 de
211 1136 356 1203 tatetott
383 1148 415 1204 et
436 1137 546 1226 plnres
570 1136 650 1204 alios
674 1124 836 1224 Anglieds.
858 1136 1024 1205 leniendo
1046 1137 1155 1206 Remis
1183 1149 1219 1205 ut

149 1271 205 1318 rex
220 1251 340 1320 ibidem
352 1264 436 1320 esset
448 1264 578 1337 unetus,
589 1251 774 1341 subjugarit
786 1264 818 1320 et
828 1273 929 1340 regno
941 1231 1045 1322 univit
1056 1254 1214 1338 Auamma,

147 1367 242 1450 Seue,
280 1368 380 1451 Trm'e‚
411 1369 563 1453 (Idolum,
590 1369 751 1452 Prom'rrs,¹
772 1369 900 1453 Raima,
924 1368 1083 1454 Soterem,
1111 1371 1213 1455 Luae,

146 1485 264 1566 Nolon,
276 1485 479 1574 Compiepue,
491 1485 613 1568 Sentis,
625 1485 869 1568 Sedent-Deoia,
880 1485 1052 1567 Biooeuis,
1067 1497 1097 1554 et
1106 1486 1215 1575 plures

147 1599 227 1667 alias
242 1600 343 1683 villas,
363 1600 517 1685 civitates,
539 1612 657 1684 eastra,
674 1602 744 1668 loca
759 1612 886 1668 murata
907 1601 1072 1670 existentia
1091 1602 1124 1669 in
1141 1602 1213 1670 obe-

148 1715 270 1782 dientia
294 1715 482 1803 Anglorum.
510 1716 644 1799 Tamen,
669 1715 821 1783 omnihus
840 1716 991 1805 peractis,
1015 1727 1088 1785 ante
1109 1717 1214 1784 uillam

150 1830 188 1897 de
209 1831 402 1919 Compiepne
415 1831 500 1899 dieta
518 1831 642 1898 Joanna
657 1831 764 1921 puella
780 1830 841 1897 luit
856 1830 981 1921 captiua
996 1842 1027 1899 et
1044 1831 1173 1899 detenta
1186 1841 1217 1898 et

148 1948 278 2016 tandem
293 1947 325 2014 iu
341 1948 492 2016 manibus
505 1949 683 2036 Anglorum
700 1946 857 2036 deposita.
874 1947 913 2014 Et
928 1957 965 2014 ul
976 1946 1133 2015 ducerent
1145 1968 1216 2015 eam

149 2065 182 2133 in
214 2064 374 2133 civitatem
402 2066 690 2154 Rothomageusem
719 2066 780 2133 et‘2
800 2064 921 2132 ibidem
940 2065 1165 2133 decoloretur³
1186 2076 1218 2132 et

149 2179 224 2266 igne
242 2190 516 2264 concremaretur,
534 2179 686 2247 dormivit
706 2190 736 2247 et
759 2179 957 2269 pernoctavit
979 2178 1012 2246 in
1029 2179 1158 2247 castello
1179 2179 1217 2246 de
1292 2179 1296 2191 ‘

148 2295 283 2383 Dropy;
299 2294 374 2363 etin
389 2295 501 2362 eodem
516 2296 644 2362 castello
657 2295 806 2362 viderunt
819 2316 889 2363 eam
904 2294 1056 2363 deminus
1066 2294 1216 2362 Nicotaus
1264 2283 1266 2287 ⁸

150 2412 315 2495 Boumelo,
331 2410 536 2501 praepositus,
555 2411 707 2480 dominus
723 2412 862 2479 loannes
882 2410 1057 2500 Capeliani,
1079 2411 1216 2478 eleemo-

149 2530 298 2620 synarius
312 2530 336 2613 4,
358 2539 389 2596 et
407 2530 516 2619 plures
536 2528 590 2596 alii
618 2529 757 2616 religiosi
773 2528 871 2617 hujus
886 2528 1041 2597 eeclesiae.
1062 2530 1101 2596 Et
1121 2529 1162 2596 de
1179 2550 1216 2596 ea

150 2646 234 2736 perit
259 2645 471 2735 imposterum
495 2645 664 2729 memoria,
688 2645 765 2734 quia
791 2644 868 2712 dieti
890 2644 983 2732 Angli
1007 2644 1120 2734 iniquo
1142 2643 1217 2712 odio

149 2759 291 2827 oderunt
308 2778 378 2826 eam
392 2761 416 2825 5.

195 2880 235 2946 Et
257 2878 290 2945 in
311 2900 397 2947 anno
414 2878 513 2963 maa,
531 2878 592 2946 luit
608 2900 669 2968 pax
685 2889 721 2981 et
736 2877 909 2947 eoncordia
928 2879 1027 2947 allee
1042 2879 1216 2947 desursum

178 3047 213 3108 (l)
228 3044 361 3098 Comitem
376 3047 408 3097 de
422 3046 535 3097 Telebot
548 3046 615 3097 dans
630 3046 655 3096 la
670 3046 745 3111 copie
760 3046 793 3097 de
808 3046 876 3096 Dum
891 3046 1012 3097 Grenier.

179 3137 215 3199 (2)
232 3135 305 3185 Pour
319 3138 347 3186 ut
362 3135 551 3187 evidemment.

178 3227 213 3288 (3)
230 3223 406 3276 necatarum
420 3226 487 3276 dans
501 3225 541 3276 les
556 3225 687 3290 copiesde
701 3224 767 3275 Dom
779 3225 892 3275 Grenler
906 3230 933 3276 et
949 3224 982 3275 de
998 3223 1108 3287 Bolum,
1125 3237 1155 3274 ce
1169 3224 1216 3288 qui

145 3315 231 3366 seruit
253 3328 312 3379 une
331 3328 424 3365 erreur
447 3314 682 3365 lnvraisemblable
697 3315 729 3365 du
745 3313 770 3364 J.
790 3315 823 3364 de
842 3314 869 3364 la
883 3313 1018 3379 Chnpelle.
1038 3313 1164 3365 L'extrait
1184 3314 1217 3364 de

148 3402 262 3466 llommy
277 3402 366 3452 donne
376 3401 618 3466 declaretur‚pour
628 3402 819 3453 flecterentur
829 3403 974 3466 peut-etro,
984 3407 1011 3452 et
1021 3402 1217 3453 sous-entendu

149 3490 221 3542 alors
237 3490 368 3554 nrotellro.

179 3581 215 3642 (l)
232 3580 321 3645 Lepon
336 3580 369 3631 de
383 3580 451 3631 Dom
467 3580 587 3632 Grenier.
604 3580 676 3631 Celte
690 3581 723 3631 de
739 3580 837 3632 Baluze
852 3585 893 3632 est
907 3580 1104 3632 elemosiortua.

180 3672 217 3730 (5)
232 3669 308 3720 Cette
321 3670 444 3720 demtere
455 3669 550 3734 phrase
560 3675 601 3720 est
612 3676 670 3720 tout
684 3669 699 3720 d
715 3670 763 3720 tntt
776 3670 917 3722 dttltrente
932 3671 1000 3721 dans
1015 3669 1041 3721 la
1051 3669 1216 3734 publication

146 3760 180 3810 de
198 3759 233 3809 M.
250 3758 394 3820 Quieherat
406 3779 411 3808 :
422 3781 434 3802 «
450 3757 481 3810 Et
496 3758 528 3809 de
543 3773 574 3810 ea
589 3761 640 3809 erit
650 3760 827 3825 imposterum
840 3760 975 3812 rnernorr'o
986 3759 1049 3826 quia
1060 3757 1129 3809 dieti
1138 3757 1219 3823 Anyti

143 3848 244 3912 iniquo
259 3845 320 3898 odio
335 3846 451 3899 oderunt
465 3861 534 3897 earn.
553 3868 565 3890 υ
580 3875 611 3884 -
624 3845 699 3900 Perit
712 3848 888 3914 imposterum
910 3864 938 3900 se
955 3854 1049 3900 trouve
1063 3847 1136 3897 aussi
1148 3847 1217 3897 dans

145 3936 255 3987 Baluze,
273 3936 313 3986 Ne
329 3937 500 4001 pourratt·0n
518 3950 566 4001 pas
580 3937 756 4003 comprendre
769 3951 818 4003 per
832 3938 863 4001 it,
878 3939 899 3990 r't
910 3951 970 4004 per,
985 3950 1017 3988 va
1031 3935 1046 3986 d
1062 3937 1187 3986 tranem?
