2708 4854
680 322 857 392 ..58-

235 494 267 550 ot
293 483 328 551 in
352 485 471 553 feretro
496 485 598 553 sancti
622 484 785 554 vualarici
812 485 943 577 scripsit
965 509 1076 559 rersus
1103 500 1303 583 sequentes:

343 681 468 736 interius
484 687 604 737 sanetus
618 683 749 753 requiem
764 685 840 756 capit
853 684 902 740 hic
914 683 1085 742 Vuaiaricus
1100 684 1124 758 ¹,

342 781 485 855 Arnulphi
496 786 661 855 praepotens
672 774 769 856 prelio'
780 783 908 839 eteleslin
923 799 1056 839 sumens

280 963 351 1043 Qun
376 963 500 1047 audito,
528 985 584 1032 rex
612 964 706 1053 lingo
729 963 828 1056 Capet
850 965 1039 1056 inproprie
1061 987 1205 1062 persona
1230 990 1303 1037 cum

236 1101 354 1168 magno
371 1079 513 1148 exercitu
530 1081 706 1172 expectavit
725 1081 914 1151 relationem
934 1082 1097 1153 dictorum
1113 1094 1303 1153 sanctornm

236 1217 311 1264 cnm
339 1195 508 1265 devotione
535 1208 567 1265 et
592 1198 671 1266 lietu
697 1197 829 1283 laetitiae,
858 1198 956 1267 nudis
980 1198 1134 1290 pedibus,
1163 1200 1303 1289 regulari

235 1311 363 1380 eieroet
378 1311 513 1400 vulgari,
530 1312 701 1381 inobviam
717 1313 802 1381 venit
819 1326 849 1381 et
861 1312 962 1403 jussit
981 1313 1033 1381 die
1054 1313 1201 1383 secunda
1219 1313 1307 1404 junii

235 1451 352 1520 corpus
365 1430 634 1500 sanctilluaiarici
649 1430 740 1500 reddi
754 1430 787 1497 in
799 1451 858 1498 sua
872 1430 1020 1514 ecclesia,
1033 1441 1066 1499 et
1077 1451 1143 1499 non
1157 1431 1309 1500 obstante

236 1544 323 1634 quod
347 1567 436 1613 mare
463 1545 577 1614 inisset
603 1546 768 1613 turpatum
793 1557 882 1613 extra
912 1544 1046 1613 modum
1079 1567 1315 1632 communem,

236 1674 344 1731 tamen
363 1664 550 1751 iiurgnrdus
569 1685 676 1732 coines
693 1663 883 1732 parisiensis
904 1663 1104 1733 attilicinus
1123 1663 1342 1734 vicecomes

236 1778 374 1848 Vimenti
389 1801 488 1869 super
502 1780 639 1848 humero
656 1801 716 1848 suo
734 1802 853 1870 corpus
869 1780 1049 1849 beatissimi
1061 1781 1227 1850 Vualarici
1242 1781 1346 1849 im—

235 1996 373 2047 d'ailleurs
393 2000 502 2047 trouver
523 2010 561 2047 un
580 1995 685 2061 dactyle
702 1996 770 2047 dans
788 1996 860 2048 dicto
880 1995 982 2048 sciatis.
1002 1996 1088 2048 —La
1109 2009 1205 2063 marga
1224 1997 1346 2050 d'une

235 2086 311 2151 copule
324 2087 491 2137 manuscrite
506 2086 655 2138 d'Hariuile
670 2087 760 2138 donne
775 2091 845 2138 cette
859 2087 999 2138 variante:

393 2194 506 2250 Arnulphi
519 2196 610 2237 comitis
621 2207 705 2238 versus
716 2195 760 2238 hoo
771 2208 825 2238 esse
836 2196 928 2238 sciatis.

235 2293 356 2345 variante
370 2293 518 2359 completae
532 2294 601 2345 ainsi
617 2308 650 2345 en
665 2294 740 2360 depit
753 2295 786 2345 rie
802 2300 890 2346 toules
904 2295 944 2346 les
958 2294 1115 2360 quantitts:

396 2403 459 2450 Quos
470 2401 558 2445 solidus
571 2402 648 2444 animo
658 2401 750 2445 iecerat
762 2402 811 2458 ipse
821 2403 868 2458 pio.

265 2498 370 2550 Second
381 2511 448 2550 vers.
456 2527 486 2536 -
494 2499 636 2565 hiantique
646 2500 713 2551 dans
724 2499 763 2550 les
773 2500 864 2566 copies
874 2499 907 2550 de
916 2499 982 2550 Dom
992 2499 1107 2550 Grenier
1115 2499 1184 2552 cide
1195 2499 1346 2552 Boluzc·

235 2587 256 2636 il
274 2589 331 2638 iant
344 2589 451 2652 ajouter
463 2602 516 2654 que
530 2587 598 2639 celle
612 2589 645 2639 de
661 2588 758 2639 Baiuze
774 2603 789 2638 n
805 2602 869 2653 recu
888 2587 1099 2639 anciennament
1112 2587 1139 2640 ia
1152 2587 1346 2640 correction

235 2676 344 2741 nppeiee
359 2691 407 2740 par
420 2677 445 2727 ic
459 2674 682 2742 Quoquorersum
697 2676 773 2741 sacto
787 2691 795 2727 :

395 2786 451 2833 Quae
465 2782 547 2826 solitus
558 2785 655 2827 Domino
667 2784 757 2827 iecerat
767 2784 817 2841 ipse
830 2785 875 2841 pio.

265 2882 412 2933 Troisieme
427 2895 497 2933 vers.
516 2909 546 2918 -
564 2881 596 2933 io
615 2882 762 2933 maintiens
783 2883 809 2933 in
827 2882 906 2947 lepori
925 2883 1032 2934 tournie
1046 2896 1096 2948 par
1110 2882 1136 2934 le
1151 2882 1253 2949 copista
1267 2879 1306 2933 d
1318 2886 1346 2922 (Ξ

236 2971 302 3022 [lom
323 2971 444 3021 Grenier.
466 2968 542 3021 Ceiui
561 2971 595 3021 de
614 2970 711 3020 Baluze
730 2971 803 3021 avait
824 2971 851 3021 lu
871 2971 970 3023 iccium
989 2969 1071 3034 quod,
1091 2972 1252 3038 appliqunnt
1269 2974 1346 3019 ce

234 3059 305 3125 quoti
328 3059 344 3109 'a
366 3059 464 3110 lection
488 3059 593 3109 devenn
620 3059 856 3118 alternative-ruent
880 3059 951 3110 ainsi
974 3059 1110 3111 masculin
1132 3065 1161 3111 et
1183 3063 1289 3110 neutro
1334 3065 1346 3095 ²

233 3149 316 3200 istum
319 3184 367 3200 .....
382 3147 459 3213 qtcoti.
480 3148 539 3199 Une
559 3149 632 3199 main
649 3149 782 3200 ancienne
801 3163 817 3199 a
841 3147 938 3199 retabli
953 3148 977 3200 io
991 3149 1039 3214 qui
1052 3147 1129 3200 selon
1145 3147 1170 3200 ie
1185 3153 1254 3200 texte
1267 3142 1346 3196 de

234 3239 374 3303 ri'Achery‚
390 3239 464 3290 seule
482 3239 585 3290 lecturo
605 3239 732 3304 possible,
748 3239 773 3289 le
788 3252 901 3304 pronum
921 3238 1104 3305 s'oppltquent
1122 3229 1346 3290 evidemmen¹

233 3327 249 3378 ia
264 3328 395 3380 Arnouto.
406 3355 437 3365 —
446 3327 579 3391 Homullo,
595 3328 701 3394 ‹i'apres
715 3328 858 3392 d'Aehcry‚
869 3328 943 3380 avait
956 3328 1066 3393 accepte
1083 3327 1183 3381 lectum
1197 3328 1346 3381 comme

233 3420 351 3466 uentre:

393 3525 457 3568 istud
469 3527 584 3568 chnaruo
595 3525 681 3567 lectum
691 3525 729 3581 qui
743 3524 846 3588 condiriit
856 3524 927 3568 aimo.

264 3625 300 3677 La
314 3628 384 3675 texte
399 3623 517 3675 attribue
532 3623 548 3674 ia
563 3623 685 3674 Arnould
700 3637 716 3674 a
730 3622 820 3673 donne
836 3623 868 3674 de
883 3621 960 3674 telles
975 3621 1137 3675 hesitations
1157 3620 1211 3674 aux
1224 3624 1338 3673 lran‘

234 3717 382 3783 scriptenrs
400 3715 481 3781 qu'on
501 3715 622 3781 pourrnit
639 3716 664 3766 la
682 3715 768 3766 croire
793 3715 976 3766 evidemment
995 3729 1088 3767 oeurre
1109 3715 1144 3768 de
1161 3717 1328 3767 comte..···

234 3805 340 3856 corcellis
354 3816 446 3855 versus
460 3801 505 3856 iros
521 3817 573 3855 esre
587 3803 688 3855 sciolis.

265 3893 299 3958 (l)
316 3894 352 3943 Le
367 3892 468 3958 copiste
482 3892 515 3945 do
530 3892 599 3944 Dom
614 3892 728 3944 Grenicr
740 3891 830 3944 donne
851 3890 1001 3945 Voiorr'cus.
