<?xml version="1.0" encoding="UTF-8"?>
<!DOCTYPE html PUBLIC "-//W3C//DTD XHTML 1.0 Transitional//EN"
    "http://www.w3.org/TR/xhtml1/DTD/xhtml1-transitional.dtd">
<html xmlns="http://www.w3.org/1999/xhtml" xml:lang="en" lang="en">
 <head>
  <title>
</title>
<meta http-equiv="Content-Type" content="text/html;charset=utf-8" />
  <meta name='ocr-system' content='tesseract 3.04.00' />
  <meta name='ocr-capabilities' content='ocr_page ocr_carea ocr_par ocr_line ocrx_word'/>
</head>
<body>
  <div class='ocr_page' id='page_1' title='image "./cronicaabbrevia00joangoog_0175.png"; bbox 0 0 2708 4854; ppageno 0'>
   <div class='ocr_carea' id='block_1_1' title="bbox 645 442 845 511">
    <p class='ocr_par' dir='ltr' id='par_1_1' title="bbox 645 442 845 511">
     <span class='ocr_line' id='line_1_1' title="bbox 645 442 845 511; baseline 0.02 -18"><span class='ocrx_word' id='word_1_1' title='bbox 645 482 693 501; x_wconf 82' lang='grc'>..,</span> <span class='ocrx_word' id='word_1_2' title='bbox 715 442 778 511; x_wconf 71' lang='lat' dir='ltr'>lna</span> <span class='ocrx_word' id='word_1_3' title='bbox 801 483 845 497; x_wconf 91' lang='lat'>..</span> 
     </span>
    </p>
   </div>
   <div class='ocr_carea' id='block_1_2' title="bbox 209 598 1283 929">
    <p class='ocr_par' dir='ltr' id='par_1_2' title="bbox 209 598 1283 929">
     <span class='ocr_line' id='line_1_2' title="bbox 210 598 1283 697; baseline 0.001 -24"><span class='ocrx_word' id='word_1_4' title='bbox 210 616 323 695; x_wconf 85' lang='lat' dir='ltr'>quetot</span> <span class='ocrx_word' id='word_1_5' title='bbox 334 626 376 673; x_wconf 88' lang='lat' dir='ltr'>ne</span> <span class='ocrx_word' id='word_1_6' title='bbox 391 615 482 688; x_wconf 72' lang='lat' dir='ltr'>repul</span> <span class='ocrx_word' id='word_1_7' title='bbox 496 605 526 673; x_wconf 91' lang='lat' dir='ltr'>le</span> <span class='ocrx_word' id='word_1_8' title='bbox 537 616 791 693; x_wconf 75' lang='lat' dir='ltr'>gourornement</span> <span class='ocrx_word' id='word_1_9' title='bbox 802 605 843 675; x_wconf 92' lang='lat' dir='ltr'>de</span> <span class='ocrx_word' id='word_1_10' title='bbox 856 598 1168 697; x_wconf 68' lang='lat' dir='ltr'>l’abbaye&#39;qu’aprds</span> <span class='ocrx_word' id='word_1_11' title='bbox 1179 598 1283 674; x_wconf 62' lang='lat' dir='ltr'>l’e&#39;lec&#39;-</span> 
     </span>
     <span class='ocr_line' id='line_1_3' title="bbox 213 716 1281 815; baseline 0.004 -26"><span class='ocrx_word' id='word_1_12' title='bbox 213 721 291 805; x_wconf 89' lang='lat' dir='ltr'>tion,</span> <span class='ocrx_word' id='word_1_13' title='bbox 310 716 472 811; x_wconf 87' lang='lat' dir='ltr'>cadnquo,</span> <span class='ocrx_word' id='word_1_14' title='bbox 490 722 569 790; x_wconf 88' lang='lat' dir='ltr'>d’un</span> <span class='ocrx_word' id='word_1_15' title='bbox 588 723 743 810; x_wconf 80' lang='lat' dir='ltr'>religieux</span> <span class='ocrx_word' id='word_1_16' title='bbox 759 723 800 793; x_wconf 85' lang='lat' dir='ltr'>de</span> <span class='ocrx_word' id='word_1_17' title='bbox 818 723 974 815; x_wconf 79' lang='lat' dir='ltr'>l&#39;abbaye,</span> <span class='ocrx_word' id='word_1_18' title='bbox 993 724 1125 793; x_wconf 77' lang='lat' dir='ltr'>nomme</span> <span class='ocrx_word' id='word_1_19' title='bbox 1141 723 1281 793; x_wconf 81' lang='lat' dir='ltr'>Thomas</span> 
     </span>
     <span class='ocr_line' id='line_1_4' title="bbox 209 837 871 929; baseline 0.002 -24"><span class='ocrx_word' id='word_1_20' title='bbox 209 837 360 923; x_wconf 83' lang='lat' dir='ltr'>d’llrcclr,</span> <span class='ocrx_word' id='word_1_21' title='bbox 375 849 407 906; x_wconf 89' lang='lat' dir='ltr'>et</span> <span class='ocrx_word' id='word_1_22' title='bbox 422 859 466 906; x_wconf 94' lang='lat' dir='ltr'>nu</span> <span class='ocrx_word' id='word_1_23' title='bbox 482 838 646 907; x_wconf 84' lang='lat' dir='ltr'>intervallo</span> <span class='ocrx_word' id='word_1_24' title='bbox 662 860 750 908; x_wconf 86' lang='lat' dir='ltr'>assez</span> <span class='ocrx_word' id='word_1_25' title='bbox 767 839 871 929; x_wconf 84' lang='lat' dir='ltr'>long.)</span> 
     </span>
    </p>
   </div>
   <div class='ocr_carea' id='block_1_3' title="bbox 206 978 1286 3657">
    <p class='ocr_par' dir='ltr' id='par_1_3' title="bbox 206 978 1286 3657">
     <span class='ocr_line' id='line_1_5' title="bbox 252 978 1282 1090; baseline 0.002 -23"><span class='ocrx_word' id='word_1_26' title='bbox 252 1000 423 1069; x_wconf 76' lang='lat' dir='ltr'>letrannus</span> <span class='ocrx_word' id='word_1_27' title='bbox 435 1020 476 1068; x_wconf 88' lang='lat' dir='ltr'>nu</span> <span class='ocrx_word' id='word_1_28' title='bbox 489 999 696 1086; x_wconf 82' lang='lat' dir='ltr'>llouounvov,</span> <span class='ocrx_word' id='word_1_29' title='bbox 707 999 771 1070; x_wconf 70' lang='lat'>43²⁸</span> <span class='ocrx_word' id='word_1_30' title='bbox 785 999 885 1069; x_wconf 89' lang='lat' dir='ltr'>abbas</span> <span class='ocrx_word' id='word_1_31' title='bbox 901 999 1000 1090; x_wconf 87' lang='lat' dir='ltr'>hujus</span> <span class='ocrx_word' id='word_1_32' title='bbox 1016 1000 1164 1070; x_wconf 88' lang='lat' dir='ltr'>ecclesiae</span> <span class='ocrx_word' id='word_1_33' title='bbox 1178 1001 1202 1086; x_wconf 93' lang='lat'>¹,</span> <span class='ocrx_word' id='word_1_34' title='bbox 1217 978 1282 1069; x_wconf 81' lang='lat' dir='ltr'>luit</span> 
     </span>
     <span class='ocr_line' id='line_1_6' title="bbox 208 1119 1282 1211; baseline 0.002 -26"><span class='ocrx_word' id='word_1_35' title='bbox 208 1128 303 1187; x_wconf 89' lang='lat' dir='ltr'>natus</span> <span class='ocrx_word' id='word_1_36' title='bbox 329 1119 368 1188; x_wconf 92' lang='lat' dir='ltr'>dc</span> <span class='ocrx_word' id='word_1_37' title='bbox 388 1119 576 1205; x_wconf 80' lang='lat' dir='ltr'>Normania,</span> <span class='ocrx_word' id='word_1_38' title='bbox 601 1120 715 1188; x_wconf 89' lang='lat' dir='ltr'>doctor</span> <span class='ocrx_word' id='word_1_39' title='bbox 744 1119 951 1189; x_wconf 89' lang='lat' dir='ltr'>decretorum</span> <span class='ocrx_word' id='word_1_40' title='bbox 974 1119 1221 1211; x_wconf 88' lang='lat' dir='ltr'>Parisiensium,</span> <span class='ocrx_word' id='word_1_41' title='bbox 1249 1129 1282 1187; x_wconf 86' lang='lat' dir='ltr'>et</span> 
     </span>
     <span class='ocr_line' id='line_1_7' title="bbox 209 1234 1280 1326; baseline 0.001 -23"><span class='ocrx_word' id='word_1_42' title='bbox 209 1245 277 1303; x_wconf 86' lang='lat' dir='ltr'>erat</span> <span class='ocrx_word' id='word_1_43' title='bbox 292 1234 398 1325; x_wconf 92' lang='lat' dir='ltr'>primo</span> <span class='ocrx_word' id='word_1_44' title='bbox 421 1235 512 1325; x_wconf 90' lang='lat' dir='ltr'>prior</span> <span class='ocrx_word' id='word_1_45' title='bbox 531 1236 572 1304; x_wconf 92' lang='lat' dir='ltr'>de</span> <span class='ocrx_word' id='word_1_46' title='bbox 595 1236 690 1304; x_wconf 88' lang='lat' dir='ltr'>Prato</span> <span class='ocrx_word' id='word_1_47' title='bbox 712 1235 746 1305; x_wconf 93' lang='lat' dir='ltr'>in</span> <span class='ocrx_word' id='word_1_48' title='bbox 764 1235 952 1320; x_wconf 88' lang='lat' dir='ltr'>Narmania,</span> <span class='ocrx_word' id='word_1_49' title='bbox 972 1246 1004 1305; x_wconf 92' lang='lat' dir='ltr'>et</span> <span class='ocrx_word' id='word_1_50' title='bbox 1023 1235 1107 1305; x_wconf 82' lang='lat' dir='ltr'>rexit</span> <span class='ocrx_word' id='word_1_51' title='bbox 1125 1236 1210 1304; x_wconf 90' lang='lat' dir='ltr'>hanc</span> <span class='ocrx_word' id='word_1_52' title='bbox 1226 1257 1280 1326; x_wconf 87' lang='lat' dir='ltr'>ec-</span> 
     </span>
     <span class='ocr_line' id='line_1_8' title="bbox 210 1351 1279 1443; baseline 0.001 -23"><span class='ocrx_word' id='word_1_53' title='bbox 210 1352 339 1420; x_wconf 86' lang='lat' dir='ltr'>clesiam</span> <span class='ocrx_word' id='word_1_54' title='bbox 369 1351 500 1440; x_wconf 86' lang='lat' dir='ltr'>triginta</span> <span class='ocrx_word' id='word_1_55' title='bbox 531 1353 724 1436; x_wconf 89' lang='lat' dir='ltr'>mensibus;</span> <span class='ocrx_word' id='word_1_56' title='bbox 756 1363 882 1443; x_wconf 87' lang='lat' dir='ltr'>etpost</span> <span class='ocrx_word' id='word_1_57' title='bbox 910 1352 1044 1422; x_wconf 91' lang='lat' dir='ltr'>modum</span> <span class='ocrx_word' id='word_1_58' title='bbox 1068 1352 1133 1420; x_wconf 86' lang='lat' dir='ltr'>fuit</span> <span class='ocrx_word' id='word_1_59' title='bbox 1157 1352 1279 1422; x_wconf 87' lang='lat' dir='ltr'>electus</span> 
     </span>
     <span class='ocr_line' id='line_1_9' title="bbox 210 1466 1286 1557; baseline 0.006 -22"><span class='ocrx_word' id='word_1_60' title='bbox 210 1468 309 1537; x_wconf 90' lang='lat' dir='ltr'>abbas</span> <span class='ocrx_word' id='word_1_61' title='bbox 322 1466 429 1539; x_wconf 85' lang='lat' dir='ltr'>Sancti</span> <span class='ocrx_word' id='word_1_62' title='bbox 442 1467 687 1556; x_wconf 77' lang='lat' dir='ltr'>l&#39;andrcgesilii,</span> <span class='ocrx_word' id='word_1_63' title='bbox 703 1468 970 1557; x_wconf 84' lang='lat' dir='ltr'>Rothomagensis</span> <span class='ocrx_word' id='word_1_64' title='bbox 989 1466 1151 1537; x_wconf 82' lang='lat' dir='ltr'>dioecesis.</span> <span class='ocrx_word' id='word_1_65' title='bbox 1173 1468 1286 1542; x_wconf 63' lang='lat' dir='ltr'>Pauca,</span> 
     </span>
     <span class='ocr_line' id='line_1_10' title="bbox 210 1585 1277 1678; baseline 0 -24"><span class='ocrx_word' id='word_1_66' title='bbox 210 1587 250 1654; x_wconf 89' lang='lat' dir='ltr'>dc</span> <span class='ocrx_word' id='word_1_67' title='bbox 273 1587 339 1655; x_wconf 87' lang='lat' dir='ltr'>suis</span> <span class='ocrx_word' id='word_1_68' title='bbox 362 1586 454 1655; x_wconf 89' lang='lat' dir='ltr'>lactis</span> <span class='ocrx_word' id='word_1_69' title='bbox 487 1587 694 1678; x_wconf 87' lang='lat' dir='ltr'>reperiuntur</span> <span class='ocrx_word' id='word_1_70' title='bbox 720 1597 853 1677; x_wconf 91' lang='lat' dir='ltr'>propter</span> <span class='ocrx_word' id='word_1_71' title='bbox 876 1586 1067 1655; x_wconf 88' lang='lat' dir='ltr'>brevitatem</span> <span class='ocrx_word' id='word_1_72' title='bbox 1097 1585 1277 1676; x_wconf 91' lang='lat' dir='ltr'>temporis;</span> 
     </span>
     <span class='ocr_line' id='line_1_11' title="bbox 209 1703 1277 1794; baseline -0.001 -22"><span class='ocrx_word' id='word_1_73' title='bbox 209 1704 265 1772; x_wconf 89' lang='lat' dir='ltr'>sed</span> <span class='ocrx_word' id='word_1_74' title='bbox 281 1726 340 1773; x_wconf 93' lang='lat' dir='ltr'>suo</span> <span class='ocrx_word' id='word_1_75' title='bbox 357 1714 500 1794; x_wconf 86' lang='lat' dir='ltr'>tempore</span> <span class='ocrx_word' id='word_1_76' title='bbox 514 1703 646 1793; x_wconf 88' lang='lat' dir='ltr'>quidam</span> <span class='ocrx_word' id='word_1_77' title='bbox 660 1703 845 1771; x_wconf 90' lang='lat' dir='ltr'>nominatus</span> <span class='ocrx_word' id='word_1_78' title='bbox 858 1704 1025 1792; x_wconf 77' lang='lat' dir='ltr'>Montupu,</span> <span class='ocrx_word' id='word_1_79' title='bbox 1042 1713 1149 1772; x_wconf 89' lang='lat' dir='ltr'>rector</span> <span class='ocrx_word' id='word_1_80' title='bbox 1161 1713 1193 1771; x_wconf 88' lang='lat' dir='ltr'>et</span> <span class='ocrx_word' id='word_1_81' title='bbox 1207 1724 1277 1771; x_wconf 89' lang='lat' dir='ltr'>ma·</span> 
     </span>
     <span class='ocr_line' id='line_1_12' title="bbox 208 1816 1279 1910; baseline -0.002 -22"><span class='ocrx_word' id='word_1_82' title='bbox 208 1820 308 1908; x_wconf 73' lang='lat' dir='ltr'>gislei·</span> <span class='ocrx_word' id='word_1_83' title='bbox 321 1821 437 1888; x_wconf 93' lang='lat' dir='ltr'>domus</span> <span class='ocrx_word' id='word_1_84' title='bbox 449 1819 558 1908; x_wconf 80' lang='lat' dir='ltr'>regim,</span> <span class='ocrx_word' id='word_1_85' title='bbox 570 1819 740 1910; x_wconf 73' lang='lat' dir='ltr'>capitalem</span> <span class='ocrx_word' id='word_1_86' title='bbox 756 1818 948 1887; x_wconf 86' lang='lat' dir='ltr'>seutentiam</span> <span class='ocrx_word' id='word_1_87' title='bbox 963 1819 996 1886; x_wconf 91' lang='lat' dir='ltr'>in</span> <span class='ocrx_word' id='word_1_88' title='bbox 1013 1818 1119 1909; x_wconf 89' lang='lat' dir='ltr'>phalis</span> <span class='ocrx_word' id='word_1_89' title='bbox 1132 1816 1279 1886; x_wconf 89' lang='lat' dir='ltr'>Parisius</span> 
     </span>
     <span class='ocr_line' id='line_1_13' title="bbox 208 1934 1280 2026; baseline -0.002 -22"><span class='ocrx_word' id='word_1_90' title='bbox 208 1958 323 2026; x_wconf 88' lang='lat' dir='ltr'>passus</span> <span class='ocrx_word' id='word_1_91' title='bbox 344 1948 402 2004; x_wconf 90' lang='lat' dir='ltr'>est.</span> <span class='ocrx_word' id='word_1_92' title='bbox 423 1937 463 2004; x_wconf 82' lang='lat' dir='ltr'>Et</span> <span class='ocrx_word' id='word_1_93' title='bbox 483 1948 560 2004; x_wconf 91' lang='lat' dir='ltr'>tunc</span> <span class='ocrx_word' id='word_1_94' title='bbox 581 1935 736 2025; x_wconf 90' lang='lat' dir='ltr'>temporis</span> <span class='ocrx_word' id='word_1_95' title='bbox 759 1935 912 2004; x_wconf 88' lang='lat' dir='ltr'>dominus</span> <span class='ocrx_word' id='word_1_96' title='bbox 932 1934 1046 2003; x_wconf 86' lang='lat' dir='ltr'>Petrus</span> <span class='ocrx_word' id='word_1_97' title='bbox 1066 1935 1121 2023; x_wconf 71' lang='lat' dir='ltr'>des</span> <span class='ocrx_word' id='word_1_98' title='bbox 1139 1935 1280 2002; x_wconf 78' lang='lat' dir='ltr'>Errartc</span> 
     </span>
     <span class='ocr_line' id='line_1_14' title="bbox 207 2049 1277 2144; baseline -0.002 -24"><span class='ocrx_word' id='word_1_99' title='bbox 207 2064 277 2120; x_wconf 89' lang='lat' dir='ltr'>erat</span> <span class='ocrx_word' id='word_1_100' title='bbox 291 2053 483 2144; x_wconf 76' lang='lat' dir='ltr'>praepositus</span> <span class='ocrx_word' id='word_1_101' title='bbox 505 2052 704 2142; x_wconf 77' lang='lat' dir='ltr'>parisiensis.</span> <span class='ocrx_word' id='word_1_102' title='bbox 730 2052 769 2119; x_wconf 82' lang='lat' dir='ltr'>Et</span> <span class='ocrx_word' id='word_1_103' title='bbox 790 2073 875 2120; x_wconf 89' lang='lat' dir='ltr'>anno</span> <span class='ocrx_word' id='word_1_104' title='bbox 897 2050 1025 2119; x_wconf 86' lang='lat' dir='ltr'>Domini</span> <span class='ocrx_word' id='word_1_105' title='bbox 1047 2049 1148 2136; x_wconf 83' lang='lat' dir='ltr'>llll,</span> <span class='ocrx_word' id='word_1_106' title='bbox 1164 2072 1277 2141; x_wconf 89' lang='lat' dir='ltr'>meuse</span> 
     </span>
     <span class='ocr_line' id='line_1_15' title="bbox 209 2165 1278 2256; baseline 0.003 -21"><span class='ocrx_word' id='word_1_107' title='bbox 209 2169 404 2252; x_wconf 82' lang='lat' dir='ltr'>novembris,</span> <span class='ocrx_word' id='word_1_108' title='bbox 427 2169 488 2236; x_wconf 87' lang='lat' dir='ltr'>luit</span> <span class='ocrx_word' id='word_1_109' title='bbox 512 2168 687 2236; x_wconf 84' lang='lat' dir='ltr'>maximum</span> <span class='ocrx_word' id='word_1_110' title='bbox 718 2167 871 2256; x_wconf 89' lang='lat' dir='ltr'>proelium</span> <span class='ocrx_word' id='word_1_111' title='bbox 896 2189 940 2234; x_wconf 87' lang='lat' dir='ltr'>un</span> <span class='ocrx_word' id='word_1_112' title='bbox 963 2174 1038 2256; x_wconf 85' lang='lat' dir='ltr'>pont</span> <span class='ocrx_word' id='word_1_113' title='bbox 1057 2165 1278 2239; x_wconf 72' lang='lat' dir='ltr'>salma-etna</span> 
     </span>
     <span class='ocr_line' id='line_1_16' title="bbox 206 2283 1278 2379; baseline 0.001 -28"><span class='ocrx_word' id='word_1_114' title='bbox 206 2284 298 2374; x_wconf 83' lang='lat' dir='ltr'>juxta</span> <span class='ocrx_word' id='word_1_115' title='bbox 317 2285 471 2369; x_wconf 82' lang='lat' dir='ltr'>Parisios,</span> <span class='ocrx_word' id='word_1_116' title='bbox 494 2285 564 2374; x_wconf 89' lang='lat' dir='ltr'>ipso</span> <span class='ocrx_word' id='word_1_117' title='bbox 579 2286 703 2354; x_wconf 87' lang='lat' dir='ltr'>loanne</span> <span class='ocrx_word' id='word_1_118' title='bbox 720 2284 802 2352; x_wconf 83' lang='lat' dir='ltr'>dvvce</span> <span class='ocrx_word' id='word_1_119' title='bbox 823 2283 861 2353; x_wconf 85' lang='lat' dir='ltr'>de</span> <span class='ocrx_word' id='word_1_120' title='bbox 879 2284 1079 2379; x_wconf 76' lang='lat' dir='ltr'>Bonrpo&#39;pne,</span> <span class='ocrx_word' id='word_1_121' title='bbox 1103 2293 1144 2351; x_wconf 90' lang='lat' dir='ltr'>et·</span> <span class='ocrx_word' id='word_1_122' title='bbox 1158 2283 1278 2372; x_wconf 89' lang='lat' dir='ltr'>comite</span> 
     </span>
     <span class='ocr_line' id='line_1_17' title="bbox 208 2398 1277 2493; baseline -0.001 -29"><span class='ocrx_word' id='word_1_123' title='bbox 208 2401 247 2465; x_wconf 84' lang='lat' dir='ltr'>dc</span> <span class='ocrx_word' id='word_1_124' title='bbox 262 2400 378 2467; x_wconf 79' lang='lat' dir='ltr'>Nocere</span> <span class='ocrx_word' id='word_1_125' title='bbox 399 2420 457 2467; x_wconf 89' lang='lat' dir='ltr'>suc</span> <span class='ocrx_word' id='word_1_126' title='bbox 477 2401 588 2483; x_wconf 81' lang='lat' dir='ltr'>tratre,</span> <span class='ocrx_word' id='word_1_127' title='bbox 606 2399 723 2469; x_wconf 91' lang='lat' dir='ltr'>comite</span> <span class='ocrx_word' id='word_1_128' title='bbox 740 2398 932 2481; x_wconf 76' lang='lat' dir='ltr'>d&#39;rlruudat,</span> <span class='ocrx_word' id='word_1_129' title='bbox 949 2407 980 2466; x_wconf 93' lang='lat' dir='ltr'>et</span> <span class='ocrx_word' id='word_1_130' title='bbox 998 2417 1117 2484; x_wconf 82' lang='lat' dir='ltr'>magno</span> <span class='ocrx_word' id='word_1_131' title='bbox 1137 2417 1277 2493; x_wconf 85' lang='lat' dir='ltr'>numero</span> 
     </span>
     <span class='ocr_line' id='line_1_18' title="bbox 208 2514 1277 2607; baseline 0 -23"><span class='ocrx_word' id='word_1_132' title='bbox 208 2518 415 2605; x_wconf 54' lang='lat' dir='ltr'>slnglicorum</span> <span class='ocrx_word' id='word_1_133' title='bbox 448 2519 674 2607; x_wconf 70' lang='lat' dir='ltr'>praesentibus,</span> <span class='ocrx_word' id='word_1_134' title='bbox 697 2516 863 2584; x_wconf 87' lang='lat' dir='ltr'>victoriam</span> <span class='ocrx_word' id='word_1_135' title='bbox 898 2514 1149 2599; x_wconf 89' lang='lat' dir='ltr'>obtinentibus;</span> <span class='ocrx_word' id='word_1_136' title='bbox 1182 2526 1215 2584; x_wconf 89' lang='lat' dir='ltr'>et</span> <span class='ocrx_word' id='word_1_137' title='bbox 1243 2515 1277 2583; x_wconf 95' lang='lat' dir='ltr'>in</span> 
     </span>
     <span class='ocr_line' id='line_1_19' title="bbox 207 2629 1274 2723; baseline 0.002 -24"><span class='ocrx_word' id='word_1_138' title='bbox 207 2633 335 2723; x_wconf 84' lang='lat' dir='ltr'>proelio,</span> <span class='ocrx_word' id='word_1_139' title='bbox 364 2656 402 2702; x_wconf 80' lang='lat' dir='ltr'>ex</span> <span class='ocrx_word' id='word_1_140' title='bbox 428 2644 519 2721; x_wconf 89' lang='lat' dir='ltr'>parte</span> <span class='ocrx_word' id='word_1_141' title='bbox 546 2633 642 2719; x_wconf 80' lang='lat' dir='ltr'>regis,</span> <span class='ocrx_word' id='word_1_142' title='bbox 665 2632 758 2722; x_wconf 89' lang='lat' dir='ltr'>quasi</span> <span class='ocrx_word' id='word_1_143' title='bbox 786 2631 872 2699; x_wconf 92' lang='lat' dir='ltr'>mille</span> <span class='ocrx_word' id='word_1_144' title='bbox 897 2629 1075 2699; x_wconf 86' lang='lat' dir='ltr'>intersectis</span> <span class='ocrx_word' id='word_1_145' title='bbox 1092 2640 1124 2699; x_wconf 93' lang='lat' dir='ltr'>et</span> <span class='ocrx_word' id='word_1_146' title='bbox 1143 2630 1274 2701; x_wconf 88' lang='lat' dir='ltr'>occisis.</span> 
     </span>
     <span class='ocr_line' id='line_1_20' title="bbox 210 2746 1276 2837; baseline 0.001 -23"><span class='ocrx_word' id='word_1_147' title='bbox 210 2748 331 2816; x_wconf 86' lang='lat' dir='ltr'>lbidcm</span> <span class='ocrx_word' id='word_1_148' title='bbox 347 2750 480 2816; x_wconf 89' lang='lat' dir='ltr'>luerunt</span> <span class='ocrx_word' id='word_1_149' title='bbox 500 2747 616 2837; x_wconf 89' lang='lat' dir='ltr'>captivi</span> <span class='ocrx_word' id='word_1_150' title='bbox 633 2747 785 2815; x_wconf 91' lang='lat' dir='ltr'>dominus</span> <span class='ocrx_word' id='word_1_151' title='bbox 801 2748 947 2815; x_wconf 79' lang='lat' dir='ltr'>liencurt</span> <span class='ocrx_word' id='word_1_152' title='bbox 967 2747 1012 2813; x_wconf 84' lang='lat' dir='ltr'>du</span> <span class='ocrx_word' id='word_1_153' title='bbox 1030 2746 1105 2831; x_wconf 83' lang='lat' dir='ltr'>Boc,</span> <span class='ocrx_word' id='word_1_154' title='bbox 1120 2746 1276 2816; x_wconf 87' lang='lat' dir='ltr'>Nicolaus</span> 
     </span>
     <span class='ocr_line' id='line_1_21' title="bbox 208 2861 1278 2954; baseline 0 -23"><span class='ocrx_word' id='word_1_155' title='bbox 208 2867 246 2931; x_wconf 79' lang='lat' dir='ltr'>dc</span> <span class='ocrx_word' id='word_1_156' title='bbox 260 2866 426 2933; x_wconf 62' lang='lat' dir='ltr'>Pirascon*2</span> <span class='ocrx_word' id='word_1_157' title='bbox 439 2876 470 2932; x_wconf 86' lang='lat' dir='ltr'>ct</span> <span class='ocrx_word' id='word_1_158' title='bbox 484 2865 593 2954; x_wconf 89' lang='lat' dir='ltr'>plures</span> <span class='ocrx_word' id='word_1_159' title='bbox 611 2863 664 2930; x_wconf 91' lang='lat' dir='ltr'>alii</span> <span class='ocrx_word' id='word_1_160' title='bbox 681 2862 853 2953; x_wconf 75' lang='lat' dir='ltr'>decapitari</span> <span class='ocrx_word' id='word_1_161' title='bbox 867 2863 900 2929; x_wconf 93' lang='lat' dir='ltr'>in</span> <span class='ocrx_word' id='word_1_162' title='bbox 913 2862 1018 2953; x_wconf 89' lang='lat' dir='ltr'>phalis</span> <span class='ocrx_word' id='word_1_163' title='bbox 1033 2874 1064 2930; x_wconf 90' lang='lat' dir='ltr'>et</span> <span class='ocrx_word' id='word_1_164' title='bbox 1082 2861 1115 2929; x_wconf 93' lang='lat' dir='ltr'>iu</span> <span class='ocrx_word' id='word_1_165' title='bbox 1133 2872 1278 2952; x_wconf 88' lang='lat' dir='ltr'>quatuor</span> 
     </span>
     <span class='ocr_line' id='line_1_22' title="bbox 208 2968 1278 3072; baseline -0.001 -24"><span class='ocrx_word' id='word_1_166' title='bbox 208 2981 355 3072; x_wconf 89' lang='lat' dir='ltr'>partibus</span> <span class='ocrx_word' id='word_1_167' title='bbox 369 2979 519 3047; x_wconf 90' lang='lat' dir='ltr'>truncati.</span> <span class='ocrx_word' id='word_1_168' title='bbox 534 2980 573 3046; x_wconf 75' lang='lat' dir='ltr'>ln</span> <span class='ocrx_word' id='word_1_169' title='bbox 589 2979 773 3047; x_wconf 75' lang='lat' dir='ltr'>immediate</span> <span class='ocrx_word' id='word_1_170' title='bbox 785 2988 858 3069; x_wconf 91' lang='lat' dir='ltr'>post</span> <span class='ocrx_word' id='word_1_171' title='bbox 870 2978 1117 3046; x_wconf 84' lang='lat' dir='ltr'>insurrexerunt</span> <span class='ocrx_word' id='word_1_172' title='bbox 1129 2976 1162 3045; x_wconf 92' lang='lat' dir='ltr'>in</span> <span class='ocrx_word' id='word_1_173' title='bbox 1175 2968 1278 3048; x_wconf 86' lang='lat' dir='ltr'>armis</span> 
     </span>
     <span class='ocr_line' id='line_1_23' title="bbox 209 3092 1276 3186; baseline -0.001 -23"><span class='ocrx_word' id='word_1_174' title='bbox 209 3096 376 3164; x_wconf 85' lang='lat' dir='ltr'>carnifices</span> <span class='ocrx_word' id='word_1_175' title='bbox 402 3095 595 3186; x_wconf 84' lang='lat' dir='ltr'>parisienses</span> <span class='ocrx_word' id='word_1_176' title='bbox 622 3095 844 3162; x_wconf 79' lang='lat' dir='ltr'>nominaliter</span> <span class='ocrx_word' id='word_1_177' title='bbox 864 3115 941 3183; x_wconf 77' lang='lat' dir='ltr'>pens</span> <span class='ocrx_word' id='word_1_178' title='bbox 960 3094 999 3162; x_wconf 84' lang='lat' dir='ltr'>de</span> <span class='ocrx_word' id='word_1_179' title='bbox 1023 3092 1178 3179; x_wconf 69' lang='lat' dir='ltr'>catula,</span> <span class='ocrx_word' id='word_1_180' title='bbox 1200 3115 1276 3163; x_wconf 92' lang='lat' dir='ltr'>cum</span> 
     </span>
     <span class='ocr_line' id='line_1_24' title="bbox 209 3211 1276 3300; baseline -0.001 -20"><span class='ocrx_word' id='word_1_181' title='bbox 209 3233 326 3300; x_wconf 82' lang='lat' dir='ltr'>magno</span> <span class='ocrx_word' id='word_1_182' title='bbox 345 3233 482 3280; x_wconf 91' lang='lat' dir='ltr'>numero</span> <span class='ocrx_word' id='word_1_183' title='bbox 505 3211 759 3296; x_wconf 80' lang='lat' dir='ltr'>communitatis,</span> <span class='ocrx_word' id='word_1_184' title='bbox 784 3222 816 3279; x_wconf 90' lang='lat' dir='ltr'>et</span> <span class='ocrx_word' id='word_1_185' title='bbox 837 3220 1012 3280; x_wconf 91' lang='lat' dir='ltr'>tenuerunt</span> <span class='ocrx_word' id='word_1_186' title='bbox 1030 3220 1143 3279; x_wconf 84' lang='lat' dir='ltr'>contra</span> <span class='ocrx_word' id='word_1_187' title='bbox 1165 3231 1276 3298; x_wconf 80' lang='lat' dir='ltr'>regem</span> 
     </span>
     <span class='ocr_line' id='line_1_25' title="bbox 209 3327 1274 3419; baseline -0.001 -22"><span class='ocrx_word' id='word_1_188' title='bbox 209 3328 367 3397; x_wconf 87' lang='lat' dir='ltr'>civilatem</span> <span class='ocrx_word' id='word_1_189' title='bbox 385 3329 608 3419; x_wconf 88' lang='lat' dir='ltr'>parisiensem,</span> <span class='ocrx_word' id='word_1_190' title='bbox 631 3350 690 3396; x_wconf 91' lang='lat' dir='ltr'>nec</span> <span class='ocrx_word' id='word_1_191' title='bbox 711 3329 795 3396; x_wconf 90' lang='lat' dir='ltr'>ullus</span> <span class='ocrx_word' id='word_1_192' title='bbox 811 3329 951 3397; x_wconf 88' lang='lat' dir='ltr'>audebat</span> <span class='ocrx_word' id='word_1_193' title='bbox 972 3327 1017 3396; x_wconf 91' lang='lat' dir='ltr'>eis</span> <span class='ocrx_word' id='word_1_194' title='bbox 1034 3327 1274 3396; x_wconf 79' lang='lat' dir='ltr'>contradicere.</span> 
     </span>
     <span class='ocr_line' id='line_1_26' title="bbox 207 3443 1278 3535; baseline 0 -22"><span class='ocrx_word' id='word_1_195' title='bbox 207 3446 441 3514; x_wconf 87' lang='lat' dir='ltr'>llestruvernnt</span> <span class='ocrx_word' id='word_1_196' title='bbox 452 3446 585 3513; x_wconf 92' lang='lat' dir='ltr'>domum</span> <span class='ocrx_word' id='word_1_197' title='bbox 599 3445 691 3513; x_wconf 91' lang='lat' dir='ltr'>ducis</span> <span class='ocrx_word' id='word_1_198' title='bbox 703 3446 741 3513; x_wconf 83' lang='lat' dir='ltr'>dc</span> <span class='ocrx_word' id='word_1_199' title='bbox 757 3447 871 3533; x_wconf 84' lang='lat' dir='ltr'>Berry,</span> <span class='ocrx_word' id='word_1_200' title='bbox 882 3445 1032 3531; x_wconf 80' lang='lat' dir='ltr'>vulgante</span> <span class='ocrx_word' id='word_1_201' title='bbox 1046 3443 1278 3535; x_wconf 82' lang='lat' dir='ltr'>Nactte,&#39;super</span> 
     </span>
     <span class='ocr_line' id='line_1_27' title="bbox 208 3558 1275 3657; baseline -0.002 -27"><span class='ocrx_word' id='word_1_202' title='bbox 208 3563 340 3631; x_wconf 90' lang='lat' dir='ltr'>Pratum</span> <span class='ocrx_word' id='word_1_203' title='bbox 353 3561 550 3631; x_wconf 86' lang='lat' dir='ltr'>Clericcrum</span> <span class='ocrx_word' id='word_1_204' title='bbox 564 3572 593 3630; x_wconf 90' lang='lat' dir='ltr'>ct</span> <span class='ocrx_word' id='word_1_205' title='bbox 603 3560 910 3657; x_wconf 79' lang='lat' dir='ltr'>juxtallugustinos,</span> <span class='ocrx_word' id='word_1_206' title='bbox 929 3581 1003 3629; x_wconf 93' lang='lat' dir='ltr'>cum</span> <span class='ocrx_word' id='word_1_207' title='bbox 1019 3558 1170 3650; x_wconf 88' lang='lat' dir='ltr'>pluribus</span> <span class='ocrx_word' id='word_1_208' title='bbox 1183 3560 1275 3634; x_wconf 87' lang='lat' dir='ltr'>unbi-</span> 
     </span>
    </p>
   </div>
   <div class='ocr_carea' id='block_1_4' title="bbox 237 3702 1277 3797">
    <p class='ocr_par' dir='ltr' id='par_1_4' title="bbox 237 3702 1277 3797">
     <span class='ocr_line' id='line_1_28' title="bbox 237 3702 1277 3797; baseline -0.004 -14"><span class='ocrx_word' id='word_1_209' title='bbox 237 3733 271 3796; x_wconf 79' lang='lat' dir='ltr'>tl)</span> <span class='ocrx_word' id='word_1_210' title='bbox 288 3733 427 3786; x_wconf 79' lang='lat' dir='ltr'>lohannes</span> <span class='ocrx_word' id='word_1_211' title='bbox 446 3733 487 3783; x_wconf 90' lang='lat' dir='ltr'>Ill</span> <span class='ocrx_word' id='word_1_212' title='bbox 508 3733 540 3784; x_wconf 89' lang='lat' dir='ltr'>de</span> <span class='ocrx_word' id='word_1_213' title='bbox 555 3732 716 3796; x_wconf 81' lang='lat' dir='ltr'>Bonquetot,</span> <span class='ocrx_word' id='word_1_214' title='bbox 736 3730 845 3782; x_wconf 89' lang='lat' dir='ltr'>suivant</span> <span class='ocrx_word' id='word_1_215' title='bbox 859 3730 885 3780; x_wconf 89' lang='lat' dir='ltr'>ln</span> <span class='ocrx_word' id='word_1_216' title='bbox 900 3725 989 3782; x_wconf 83' lang='lat' dir='ltr'>Gallia</span> <span class='ocrx_word' id='word_1_217' title='bbox 1004 3702 1174 3792; x_wconf 42' lang='lat' dir='ltr'>Glaristiana&#39;,</span> <span class='ocrx_word' id='word_1_218' title='bbox 1188 3728 1238 3797; x_wconf 85' lang='lat' dir='ltr'>qui</span> <span class='ocrx_word' id='word_1_219' title='bbox 1252 3728 1277 3780; x_wconf 83' lang='lat' dir='ltr'>le</span> 
     </span>
    </p>
   </div>
   <div class='ocr_carea' id='block_1_5' title="bbox 207 3822 1275 3977">
    <p class='ocr_par' dir='ltr' id='par_1_5' title="bbox 207 3822 1275 3977">
     <span class='ocr_line' id='line_1_29' title="bbox 207 3822 526 3890; baseline -0.006 -16"><span class='ocrx_word' id='word_1_220' title='bbox 207 3823 296 3875; x_wconf 88' lang='lat' dir='ltr'>donne</span> <span class='ocrx_word' id='word_1_221' title='bbox 311 3838 380 3890; x_wconf 92' lang='lat' dir='ltr'>pour</span> <span class='ocrx_word' id='word_1_222' title='bbox 393 3823 433 3873; x_wconf 72' lang='lat'>5¹2⁰</span> <span class='ocrx_word' id='word_1_223' title='bbox 448 3822 526 3874; x_wconf 79' lang='lat' dir='ltr'>abbe.</span> 
     </span>
     <span class='ocr_line' id='line_1_30' title="bbox 238 3907 1275 3977; baseline -0.002 -15"><span class='ocrx_word' id='word_1_224' title='bbox 238 3913 272 3975; x_wconf 73' lang='lat' dir='ltr'>(t)</span> <span class='ocrx_word' id='word_1_225' title='bbox 287 3910 332 3964; x_wconf 86' lang='lat' dir='ltr'>Sto</span> <span class='ocrx_word' id='word_1_226' title='bbox 355 3914 423 3964; x_wconf 86' lang='lat' dir='ltr'>dans</span> <span class='ocrx_word' id='word_1_227' title='bbox 441 3912 468 3963; x_wconf 88' lang='lat' dir='ltr'>la</span> <span class='ocrx_word' id='word_1_228' title='bbox 486 3911 562 3977; x_wconf 86' lang='lat' dir='ltr'>copie</span> <span class='ocrx_word' id='word_1_229' title='bbox 579 3911 613 3963; x_wconf 89' lang='lat' dir='ltr'>de</span> <span class='ocrx_word' id='word_1_230' title='bbox 633 3911 740 3973; x_wconf 85' lang='lat' dir='ltr'>Baluze,</span> <span class='ocrx_word' id='word_1_231' title='bbox 760 3910 829 3962; x_wconf 82' lang='lat' dir='ltr'>mnis</span> <span class='ocrx_word' id='word_1_232' title='bbox 847 3909 965 3962; x_wconf 78' lang='lat' dir='ltr'>Pulsenc</span> <span class='ocrx_word' id='word_1_233' title='bbox 983 3909 1054 3962; x_wconf 80' lang='lat' dir='ltr'>dans.</span> <span class='ocrx_word' id='word_1_234' title='bbox 1070 3907 1275 3962; x_wconf 79' lang='lat' dir='ltr'>cellede&#39;Dom</span> 
     </span>
    </p>
   </div>
   <div class='ocr_carea' id='block_1_6' title="bbox 208 3999 898 4064">
    <p class='ocr_par' dir='ltr' id='par_1_6' title="bbox 208 3999 898 4064">
     <span class='ocr_line' id='line_1_31' title="bbox 208 3999 898 4064; baseline -0.007 -11"><span class='ocrx_word' id='word_1_235' title='bbox 208 4002 321 4055; x_wconf 89' lang='lat' dir='ltr'>Grenier</span> <span class='ocrx_word' id='word_1_236' title='bbox 334 4008 360 4054; x_wconf 86' lang='lat' dir='ltr'>et</span> <span class='ocrx_word' id='word_1_237' title='bbox 374 4001 502 4055; x_wconf 74' lang='lat' dir='ltr'>Patalene</span> <span class='ocrx_word' id='word_1_238' title='bbox 517 4001 585 4052; x_wconf 91' lang='lat' dir='ltr'>dans</span> <span class='ocrx_word' id='word_1_239' title='bbox 600 4000 714 4052; x_wconf 86' lang='lat' dir='ltr'>l’extralt</span> <span class='ocrx_word' id='word_1_240' title='bbox 729 4001 762 4051; x_wconf 89' lang='lat' dir='ltr'>de</span> <span class='ocrx_word' id='word_1_241' title='bbox 777 3999 898 4064; x_wconf 84' lang='lat' dir='ltr'>Bommy.</span> 
     </span>
    </p>
   </div>
   <div class='ocr_carea' id='block_1_7' title="bbox 0 0 1358 4854">
    <p class='ocr_par' dir='ltr' id='par_1_7' title="bbox 0 0 1358 4854">
     <span class='ocr_line' id='line_1_32' title="bbox 0 0 1358 4854; baseline 0 1"><span class='ocrx_word' id='word_1_242' title='bbox 0 0 1358 4854; x_wconf 95' lang='lat' dir='ltr'> </span> 
     </span>
    </p>
   </div>
  </div>
 </body>
</html>
