2708 4854
466 342 701 464 krva-

63 561 152 629 dicta
168 559 305 628 ecclesia
320 559 468 650 protinus
479 579 655 642 cessavere,
671 568 702 626 et
716 557 820 626 dictus
837 557 1009 626 cardinalis
1025 556 1134 626 omnia

64 675 152 743 bona
168 674 334 765 subripuit
348 685 380 744 et
391 674 533 760 mitram,
543 676 692 759 annulos,
703 658 859 760 sandalia,
874 675 1019 764 sceptra¹
1039 675 1135 744 abba·

65 773 146 860 tiala
170 803 354 886 caeteraque
380 791 588 881 hujusmodi
617 790 826 882 pontificalia,
853 801 919 860 tota
946 791 1081 860 ecclesia
1100 791 1134 860 in

66 933 187 999 magna
202 911 296 979 ruina
314 922 344 979 et
357 911 521 979 omninoa
538 908 702 1001 praedictis
719 907 858 976 inimicis
875 909 1133 1000 adversariisque

63 1027 239 1118 subjugata
256 1037 477 1118 permanente,
499 1047 609 1095 seeum
629 1024 815 1114 asportavit.
835 1025 882 1093 lta
899 1026 986 1115 quod
1003 1047 1132 1115 praeno-

65 1144 209 1212 minatus
238 1143 351 1212 Petrus
378 1142 537 1232 impotens
570 1161 696 1210 necnon
723 1140 912 1231 patientiam
942 1142 1130 1231 praeferens,

64 1253 189 1349 absque
218 1259 283 1326 ulla
309 1257 492 1347 provisione
514 1255 685 1324 derelictus
709 1266 778 1339 est;
809 1255 878 1344 qui,
901 1255 1023 1322 nullam
1044 1254 1131 1344 pacis

63 1373 289 1465 apparentiam
306 1373 518 1463 conspiciens,
538 1383 569 1440 et
587 1372 699 1440 dietim
718 1372 1023 1441 mortisarticulum
1040 1372 1133 1440 dubi-

63 1503 136 1559 tans
152 1501 184 1559 et
199 1479 326 1573 horain,
338 1490 379 1557 ob
392 1489 462 1577 ejus
479 1488 707 1576 aegritudinem
724 1491 757 1556 se
773 1487 999 1556 miserabiliter
1017 1509 1132 1556 veran-

63 1618 141 1692 tem,
166 1617 349 1695 expectans,
370 1605 552 1696 aprincipe
577 1607 689 1696 qucd‘2
708 1605 897 1673 mandatum
918 1604 1073 1690 obtinuit,
1097 1604 1132 1672 in

62 1723 158 1813 cujus
174 1734 284 1798 tenore
301 1712 526 1790 continebatur
539 1723 638 1812 quod,
649 1721 676 1789 si
688 1721 843 1809 migraret
858 1744 876 1789 a
894 1723 1024 1805 sacculo,
1043 1721 1131 1811 quod

61 1861 175 1908 omnes
196 1839 335 1923 fruetus,
360 1838 598 1928 proventiones,
618 1819 760 1906 'mobilia
781 1838 867 1905 bona
892 1847 924 1906 et
949 1835 1131 1906 immobilia

61 1956 243 2026 addictam
265 1955 433 2024 ecclesiam
452 1955 646 2046 pertinentia
667 1978 703 2024 ac
723 1954 913 2045 spectantia,
934 1953 1130 2024 durantibus

60 2071 226 2163 praedictis
249 2070 474 2157 divisionibus,
496 2072 529 2139 in
552 2093 650 2140 manu
674 2072 761 2140 salva
785 2082 816 2140 et
839 2071 997 2161 sequestri
1022 2071 1131 2140 mitte-

60 2199 188 2273 rentur,
212 2197 372 2277 quatenus
393 2188 548 2278 prodicta
565 2188 652 2257 bona
674 2188 738 2256 fine
761 2186 849 2255 smali
872 2186 966 2257 dictae
986 2185 1129 2256 eeclesiae

61 2304 322 2375 restituerentur.

570 2557 619 2611 xtt

55 2736 184 2793 narratu
211 2734 247 2790 re
270 2732 362 2790 rauna
388 2734 483 2789 merra
505 2733 578 2789 nans
603 2734 631 2788 ra
657 2734 795 2790 ciamare
807 2717 875 2790 'aava
897 2735 1068 2804 desacrata
1089 2752 1125 2791 en

89 2833 220 2905 l'ahhave
245 2832 280 2888 do
301 2832 491 2888 saint-bertin
515 2833 531 2886 a
551 2833 743 2888 saint-Omen
759 2863 793 2872 —
808 2833 982 2905 Reparation
998 2833 1033 2888 de
1050 2839 1125 2890 cette

90 2935 241 2991 chambre.
258 2966 292 2974 -
309 2934 516 2990 Construction
535 2932 622 2989 d'une
638 2939 729 2989 autre.
743 2965 778 2974 -
795 2933 928 2988 Cre'ation
945 2932 1014 2989 d'un
1026 2933 1124 3006 jardin

90 3032 153 3088 clos
177 3031 212 3087 de
232 3048 324 3086 murs
345 3063 380 3072 -
403 3031 551 3087 Elevation
571 3030 640 3086 d'un
660 3031 796 3104 portique
815 3020 883 3088 av'ec
902 3031 945 3086 les
970 3048 1067 3088 armes
1088 3032 1123 3088 de

89 3129 200 3202 l'dglise
212 3135 241 3185 et
250 3129 336 3187 celles
349 3129 384 3185 de
394 3128 495 3186 l'abhd.
507 3163 541 3170 —
552 3131 641 3185 Petite
652 3131 793 3186 chaussde
803 3133 890 3202 paveo
901 3130 935 3186 de
944 3130 972 3186 la
985 3130 1127 3199 chambre

90 3228 143 3284 des
160 3227 274 3300 jardins
295 3229 312 3282 d
332 3229 507 3301 lachapelle
529 3228 563 3284 de
585 3229 613 3284 la
635 3228 747 3300 Vierge.
763 3260 797 3268 -
816 3230 922 3285 Autres
945 3234 1071 3285 travaux.
1092 3261 1123 3270 —

90 3324 524 3383 rnarmrvasaerautarrerre.
1066 3308 1070 3319 '

83 3507 120 3569 (1)
134 3505 246 3573 Sceptra
260 3506 328 3558 dans
346 3505 386 3558 les
404 3507 494 3572 copies
514 3507 548 3558 de
567 3505 635 3558 Dom
655 3507 770 3559 Grenier
790 3510 818 3559 et
839 3507 874 3559 do
890 3507 996 3570 Batnae,
1011 3508 1081 3560 dans
1096 3507 1122 3558 la

50 3597 207 3662 Chronique
218 3596 251 3648 de
268 3596 334 3648 bom
349 3597 447 3648 Cotron
462 3598 567 3660 mome3
582 3597 684 3664 scripta
700 3597 768 3649 dans
784 3596 899 3649 l'extrait
912 3597 945 3648 de
961 3597 1121 3662 commp-

50 3688 166 3754 Sceptro
180 3687 236 3739 doit
248 3687 367 3752 signisser
382 3687 416 3739 ici
431 3687 470 3739 los
485 3701 600 3741 orasses.

82 3779 118 3843 (2)
133 3777 179 3830 Sic
193 3777 262 3831 dans
277 3777 302 3829 la
317 3778 392 3844 copie
407 3779 440 3830 de
454 3778 552 3830 Baluze
565 3783 592 3830 et
605 3779 674 3831 dans
687 3779 802 3831 l'extrait
816 3779 849 3831 de
862 3779 994 3844 Bommy;
1010 3779 1120 3845 aprin-

49 3867 109 3932 cipc
122 3865 242 3931 quodam
257 3867 324 3919 dans
338 3866 363 3919 la
378 3868 454 3933 copie
469 3868 502 3920 de
517 3868 585 3920 Dona
599 3869 732 3932 liventer,
751 3883 768 3921 o
783 3867 902 3937 quodem
913 3869 1040 3936 principe
1053 3868 1121 3920 dans

51 3955 79 4005 la
93 3953 247 4020 Chronique
262 3954 295 4005 de
310 3954 377 4005 Dom
393 3954 501 4007 Cotron.
