2708 4854
492 268 693 339 -175-

55 431 128 514 Quo
146 433 243 518 facte,
262 431 562 502 dominustucobus
578 432 617 499 de
630 422 859 511 Hauttrecttes,
872 429 972 519 hujus
987 430 1125 499 abbatiae

58 551 163 642 prior,
182 560 214 619 et
226 549 379 619 dominus
401 549 545 618 Matheus
564 548 603 616 de
623 548 788 632 Gandano,
809 547 1126 639 priorCarthusien-

59 668 209 752 sium‚ud
220 667 501 735 dietaurnnments
512 667 646 734 emenda
657 665 916 751 Burgisirerunt.
927 663 1125 754 ipsisuutem

66 784 235 872 regressis
261 783 367 851 dictus
390 782 489 850 abbas
518 782 690 872 quemdam
716 781 903 871 operarium
931 764 1127 849 casularium

65 898 198 966 nomine
225 898 356 967 Petrum
381 897 530 983 Cautum,
561 899 674 986 gallice
698 899 814 966 Pierre
839 898 916 981 tun,
946 896 986 965 de
1012 896 1128 965 Sancto

66 1015 240 1098 Odomuro,
267 1014 440 1082 mandavit.
463 1013 523 1094 Qui
546 1014 651 1082 dietus
672 1012 849 1082 casularius
870 1033 994 1103 pannos
1015 1034 1128 1103 sump-

67 1146 177 1202 tuosos
190 1133 327 1201 abscidit
339 1143 370 1201 et
381 1133 644 1222 quartuordecim
658 1143 715 1200 eut
727 1132 912 1222 quindecim
925 1143 1127 1216 ornamenta,

66 1250 163 1318 ueluti
186 1271 318 1340 cappas,
339 1251 476 1334 casulas,
499 1249 623 1319 tunicas
644 1261 675 1318 et
700 1249 876 1318 domesticas
890 1250 913 1327 ¹,
943 1260 975 1317 et
997 1259 1126 1333 caetera,

63 1368 150 1452 feeit,
180 1367 359 1436 construxit
381 1378 412 1435 et
435 1379 623 1458 sumptuose
645 1366 817 1461 seminavit
839 1376 1040 1435 ornamenta.
1067 1365 1128 1445 Qui

61 1495 174 1576 postea
186 1483 439 1575 praenominatus
455 1483 553 1552 abbas
570 1505 662 1552 suam
678 1483 880 1573 recuperavit
891 1493 923 1551 et
938 1482 1130 1551 restauravit

60 1601 242 1670 sanitatem.

106 1718 143 1785 ln
171 1716 420 1807 quadragesima
444 1738 519 1786 vero
546 1718 708 1807 sequenti,
741 1716 893 1786 dominus
921 1718 1061 1787 Judoeus
1089 1718 1129 1786 de

61 1835 203 1917 Labant,
229 1853 304 1901 eum
323 1854 384 1901 sue
409 1844 506 1918 statu,
533 1833 664 1902 domina
682 1833 720 1901 de
742 1834 906 1920 Bezertyue
925 1830 996 1921 ejus
1015 1854 1127 1918 unere,

61 1950 195 2018 domina
208 1950 247 2017 de
258 1949 390 2018 Belraco
399 1948 970 2040 ejuss0r01·e‚tresmenses,prepriis
982 1949 1129 2039 expensis

63 2079 94 2134 et
113 2065 299 2156 sumptibus
315 2066 408 2134 diotre
420 2066 574 2151 ecelesiae,
585 2066 619 2133 in
629 2065 804 2156 praedictet
821 2065 961 2155 hospitio
973 2066 1050 2134 dieti
1063 2086 1129 2134 mo·

64 2182 211 2267 nesterii,
232 2182 303 2272 ipso
323 2181 416 2251 Petro
437 2183 552 2251 abbate
571 2194 759 2270 egrotante,
778 2182 931 2250 continuo
946 2181 1128 2273 hospitatus

60 2312 91 2370 et
106 2311 257 2368 mortuus
272 2310 331 2368 est.

568 2541 628 2596 vltt

67 2720 171 2778 L'nbbe
188 2721 282 2777 Pierio
297 2727 392 2776 rentre
411 2721 484 2776 dens
503 2735 557 2776 son
576 2720 684 2792 abbaye
697 2720 724 2775 le
739 2724 773 2776 23
784 2719 850 2793 juin
868 2724 945 2776 1473.
961 2752 994 2761 —
1009 2722 1060 2776 Ses
1076 2726 1129 2777 tru-

97 2835 172 2874 ruux
193 2818 228 2872 de
250 2818 412 2890 reparation
429 2817 502 2872 dans
520 2816 648 2890 l'nbbuye
663 2822 692 2872 et
710 2818 784 2873 dans
802 2816 951 2890 l'hospiee.
973 2849 1007 2857 —
1027 2818 1129 2873 Misere

99 2917 152 2971 des
169 2916 318 2987 religieux,
333 2916 368 2971 de
382 2914 473 2971 l'abbe
490 2920 519 2971 et
532 2916 571 2970 du
588 2920 722 2972 convent.
738 2947 772 2956 -
792 2914 893 2972 L'uhbe
909 2917 1004 2972 Pierre
1017 2915 1128 2986 achete,

97 3032 135 3071 en
157 3018 235 3083 1475,
253 3030 310 3069 une
326 3014 441 3069 maison
454 3015 471 3069 e
484 3015 679 3070 saint-Omen

112 3199 207 3265 Anno
222 3195 348 3264 Domini
363 3194 530 3281 147333ἶι
544 3195 703 3285 diejnnii,
715 3195 747 3264 in
760 3207 853 3265 nocte
865 3194 972 3264 Sancti
981 3194 1127 3279 ioannis

67 3313 324 3405 praenominatus
352 3313 464 3382 Petrus
488 3313 528 3381 de
553 3312 759 3382 Abbatisvitta
787 3312 821 3379 in
849 3333 941 3381 suum
968 3311 1130 3381 abbatiam

67 3430 176 3514 rediit,
189 3441 220 3498 et
237 3429 301 3498 iitie
318 3442 443 3519 portam
458 3429 560 3498 tasse
578 3429 677 3497 curiae
697 3440 728 3498 et
740 3450 874 3516 magnos
894 3449 1005 3497 muros
1021 3449 1132 3496 versus

65 3559 195 3638 portum
224 3545 332 3615 Sancti
354 3545 488 3614 ioannis
515 3557 546 3614 et
574 3566 684 3614 muros
709 3544 882 3633 grandium
908 3544 1076 3612 hortorum
1100 3553 1132 3611 et

90 3745 127 3808 (t)
143 3743 218 3794 Pour
230 3741 401 3794 dalmaticus.

89 3835 128 3898 (2)
144 3832 260 3899 Proprie
275 3832 344 3884 dens
358 3831 473 3883 l'extruit
486 3830 519 3882 de
534 3830 655 3898 Bommy.
