2708 4854
496 439 698 512 -r57-

61 605 102 673 de
116 605 245 690 Portos,
263 604 302 671 de
313 604 454 692 Poleh'cp
468 617 499 673 er
510 605 630 693 Ncpcrs
649 603 780 672 dominu
798 604 936 673 Antonio
951 605 990 673 de
1010 603 1131 675 Wissoc

63 743 122 812 pro
149 742 279 789 summa
303 731 381 789 oclu‘
399 731 528 789 eentum
556 732 722 789 scutorum
746 742 933 807 urireurum,
959 732 990 789 et
1012 744 1048 790 ex
1068 721 1130 789 illis

62 837 131 927 ipsc
146 848 177 905 et
190 858 250 904 suu
267 836 385 904 mulier
399 858 433 904 se
455 836 771 905 dessaisinarerum¹
795 847 824 904 er
841 836 993 905 saisinam
1014 849 1045 905 et
1059 859 1131 928 pcs-

61 954 240 1022 sessionem
262 954 461 1044 corporalem
482 965 513 1021 et
531 954 650 1022 realem
672 953 705 1020 in
722 954 873 1022 manibus
889 955 991 1022 nostri
1010 953 1130 1022 ballirii

62 1093 122 1160 pro
142 1069 288 1138 dominio
301 1071 394 1137 iundi
411 1083 588 1161 posueruut
602 1069 642 1137 ad
664 1091 745 1160 opus
761 1081 792 1138 et
813 1070 982 1138 utilitatem
1000 1069 1077 1138 diui
1090 1070 1133 1138 de

61 1186 210 1256 Vuissce.
232 1186 309 1266 Quae
329 1188 438 1256 omnia
460 1198 583 1256 relenta
603 1187 729 1256 suntin
754 1187 903 1255 manibus
922 1186 1077 1273 ecclesiae,
1099 1200 1131 1256 et

60 1301 139 1369 licet
156 1300 226 1391 ipse
242 1300 394 1369 dominus
411 1301 505 1389 Hugc
525 1323 591 1369 nun
604 1301 737 1369 haberet
749 1301 916 1391 pecunias,
930 1301 965 1368 iu
977 1311 1130 1393 promptu

63 1418 133 1509 ipse
157 1419 247 1486 dedit.
264 1417 340 1508 jum
361 1418 535 1487 dominaliu
559 1419 692 1488 dominc
716 1419 847 1488 Nicuiuc
866 1420 1029 1506 Boterdum,
1050 1442 1131 1510 prae·

63 1535 181 1625 positu,
191 1547 223 1604 et
235 1535 366 1605 domino
382 1536 521 1604 Ruberlo
533 1536 1012 1620 Erreuuultmlilerd'Amiens,
1028 1536 1130 1627 priori

62 1652 101 1718 dc
111 1652 276 1733 Brcdcuc;
294 1661 325 1720 et
341 1653 386 1719 iui
400 1674 473 1720 cum
488 1652 654 1739 diligentia
667 1673 796 1740 magna,
807 1652 892 1720 infra
905 1664 1032 1742 tempus
1045 1651 1130 1741 juris

63 1776 221 1833 staturum
239 1777 270 1833 ei
287 1778 490 1850 consuetum,
503 1767 714 1834 restituerunt
727 1776 757 1834 et
771 1777 1033 1834 restauraverunt
1044 1765 1130 1834 diem

63 1881 101 1946 dc
123 1879 250 1946 Vuissoc
268 1879 362 1947 mimi
386 1880 504 1948 dicrum
530 1901 691 1948 summam
717 1892 789 1948 ocio
810 1891 939 1948 centum
964 1892 1130 1949 scutorum

63 2017 239 2064 aureorum
268 1996 308 2064 de
329 2018 472 2085 congruo
496 2006 527 2064 et
554 1996 676 2064 fabrica
706 1996 829 2065 domini
854 1996 955 2065 nostri
979 1996 1077 2085 regis,
1101 2007 1132 2064 et

63 2111 172 2181 omnia
186 2133 260 2179 cum
275 2111 464 2180 difficultate
478 2122 602 2180 rantum
614 2123 870 2201 procuraverunt
881 2111 1005 2201 praesati
1018 2112 1129 2195 abbas,

63 2226 258 2317 prepositus
283 2238 314 2294 ei
334 2226 436 2317 prior,
461 2227 547 2316 quod
566 2226 700 2316 pacifice
721 2226 824 2294 dicus
844 2237 907 2293 tres
925 2225 1035 2294 sccdcs
1056 2247 1130 2293 cum

64 2343 132 2411 suis
146 2342 356 2433 pertinenciis
377 2343 535 2411 universis
548 2365 652 2432 usque
667 2342 700 2409 in
717 2342 910 2410 hodiernum
927 2341 1011 2409 diem
1026 2341 1131 2431 possi-

65 2458 191 2542 demus,
211 2458 405 2543 dominium,
418 2457 494 2547 jura
510 2469 541 2527 et
554 2459 773 2527 emolumenta
788 2456 1000 2547 percipimus,
1011 2467 1054 2542 et,
1065 2458 1130 2527 Deo

65 2575 201 2658 serente,
230 2574 263 2641 iu
288 2574 686 2665 pesterum'recipiemus,
709 2573 800 2653 Quod
813 2573 916 2666 prosit
932 2573 972 2641 ad
994 2573 1130 2642 sulutem

64 2690 247 2758 animarum
264 2712 409 2789 suarum.

110 2823 203 2907 llem,
225 2823 284 2892 isle
304 2823 443 2892 domnus
467 2824 618 2893 Niccluus
642 2825 795 2892 Bourdcu
816 2836 885 2893 erat
909 2825 1068 2900 oriundus
1091 2826 1131 2894 de

63 2942 199 3028 Bupeuc
210 2940 245 3007 in
259 2941 444 3009 Ncrmauia.
456 2940 530 3008 Fun
545 2941 651 3030 primu
667 2952 791 3025 cuntur,
806 2941 922 3012 deinde
937 2943 1132 3033 praeposirus

65 3057 163 3147 hujus
180 3041 335 3126 ecclesim.
347 3057 418 3146 ipse
432 3057 516 3125 iuter
527 3068 660 3126 caeteros
672 3059 909 3127 eratsucundus
920 3069 951 3127 et
960 3060 1128 3144 honestus,

64 3196 101 3243 nc
118 3173 329 3259 scienrificus,
345 3173 526 3262 religiosus,
542 3185 691 3264 expertus
707 3175 863 3260 musicus,
883 3197 992 3244 rocem
1009 3175 1130 3244 habeus

64 3289 281 3377 organisumm
306 3288 339 3355 in
366 3288 454 3357 omni
478 3289 682 3379 prolatione3
709 3288 752 3356 itu
774 3289 874 3377 quod,
892 3301 929 3358 ut
949 3289 1130 3359 communis

65 3410 151 3475 sama
167 3405 347 3489 laborabur,
358 3405 392 3471 in
408 3404 458 3473 his
470 3404 617 3495 panibus
633 3425 697 3472 non
714 3416 784 3472 erat
804 3405 987 3491 renonum,
1002 3416 1130 3474 cumra-

65 3523 221 3592 leuorista
243 3522 370 3606 similis,
394 3543 453 3590 nec
477 3522 507 3589 ei
527 3521 702 3606 secundus,
721 3521 855 3590 devotus
875 3532 907 3590 et
924 3523 1132 3611 frequentans

64 3625 197 3708 missam
219 3637 440 3727 quotidianam
462 3637 563 3707 beatu
580 3637 688 3705 Murice
711 3636 857 3725 virginis,
879 3636 912 3704 in
933 3658 991 3707 sua
1010 3636 1131 3726 capella

94 3825 131 3885 (1)
145 3821 342 3876 Desecisierunt
357 3823 425 3874 dans
439 3822 506 3875 Dum
522 3823 643 3875 Grenier.

93 3916 131 3978 (ᾖ)
149 3912 187 3964 Lu
203 3914 279 3979 copie
294 3914 328 3965 de
344 3914 412 3965 Dom
427 3914 540 3966 Grenier
553 3915 644 3978 ujoute
658 3915 725 3966 cut:
740 3914 869 3966 terrorism
884 3915 931 3966 cut
946 3918 1042 3966 contre
1056 3915 1129 3966 leno-

61 4005 140 4058 rista.
