2708 4854
596 389 772 458 ...Ἰθ-

152 544 1212 644 uussuitabbasmajorismonasteriipropeFuroues¹.Secundus

153 669 332 759 descriptor
355 670 452 736 riraet
473 670 574 738 sancti
599 670 740 738 Richarii
763 671 825 739 luit
850 671 1041 741 Paschasius
1067 672 1213 741 solemnis

152 785 265 853 doctor
285 796 315 853 et
337 784 496 875 interpres
518 785 596 873 legis
618 786 747 870 dirime,
770 787 826 876 qui
849 798 919 877 post
941 788 1001 856 luit
1023 788 1125 857 abbas
1141 787 1213 856 Cor·

152 901 291 969 beiensis
309 912 340 968 et
353 903 531 991 appellatus
551 903 721 970 liutbertus
738 914 879 971 sanctus.
898 903 1025 972 Tertius
1045 904 1102 994 qui
1122 903 1212 972 ritam
1247 889 1251 899 ¹

151 1027 183 1084 et
206 1029 294 1104 gesta
315 1017 399 1085 beati
423 1017 564 1085 Riclrar·ii
590 1018 761 1109 descripsit
782 1018 841 1086 rite
862 1031 893 1087 et
918 1019 1080 1105 ordinate,
1099 1019 1212 1088 tamin

152 1131 257 1199 littera
278 1153 376 1220 quarn
401 1131 435 1198 in
455 1145 563 1216 cantu,
585 1132 842 1221 sapientissimus
868 1132 917 1199 rir
933 1134 1129 1221 Ingranus3,
1148 1155 1212 1203 mo·

153 1249 274 1316 nachus
303 1248 401 1337 hujus
428 1249 565 1317 coenobii
594 1260 624 1317 et
648 1248 687 1316 de
712 1248 846 1317 Centula
868 1248 1025 1318 oriendus
1053 1261 1086 1318 et
1109 1261 1210 1333 natus,

152 1388 251 1434 sacrae
268 1366 394 1455 paginae
408 1367 582 1456 professor.
603 1367 663 1433 lste
676 1365 737 1433 suit
749 1365 928 1456 discipulus
942 1365 1044 1435 sancti
1058 1365 1212 1453 Fulgentii

152 1482 357 1552 Carnutensis
371 1484 526 1574 episcopi,
536 1485 645 1552 eximii
660 1484 813 1566 doctoris,
824 1496 856 1552 et
867 1484 901 1551 in
914 1495 1009 1552 cantu
1021 1496 1052 1552 et
1065 1484 1099 1552 in
1112 1485 1213 1553 littera

151 1597 294 1666 officium
317 1598 418 1665 saneti
441 1598 586 1664 Vullrani
609 1598 647 1665 de
669 1597 833 1664 Alaba-tilla
852 1598 1038 1688 composuit
1061 1609 1094 1668 et
1117 1600 1211 1667 multa

151 1714 326 1781 dictamina
353 1713 392 1781 de
416 1725 526 1782 sancto
556 1714 739 1782 lamentio.
767 1714 842 1782 Fuit
869 1715 1056 1804 capellanus
1086 1715 1226 1784 lloberti·

151 1830 245 1917 Regis
256 1831 454 1898 Francorum
468 1853 475 1912 ;
491 1852 564 1897 cum
580 1831 650 1920 ipso
662 1831 854 1919 peregrinus
868 1831 988 1898 Romae.
1005 1832 1210 1900 Postmodum

150 1957 197 2014 est
211 1946 380 2014 ordinatus
396 1945 462 2013 Ἧι*
478 1946 578 2014 abbas
595 1946 693 2035 hujus
709 1946 860 2015 coenobii.
873 1947 943 2015 Vita
956 1947 1093 2016 comiter
1108 1969 1210 2017 corus·

73 2068 76 2073 ’
150 2062 232 2131 cavit
251 2062 428 2130 miraculis
452 2063 576 2152 ltaque,
599 2074 634 2130 ut
651 2062 704 2152 pie
723 2062 879 2147 creditur,
896 2085 914 2130 a
932 2064 1050 2132 saeculo
1068 2063 1211 2152 migrarit

149 2180 189 2247 ad
219 2179 395 2247 Christum.
424 2179 547 2246 Nomen
573 2179 681 2267 quarti
708 2178 920 2247 describentis
944 2180 1040 2247 vitam
1064 2180 1100 2248 'et
1127 2189 1211 2268 gesta

149 2296 250 2363 sancti
265 2294 407 2362 Richarii
421 2295 591 2381 ignoratur
604 2295 681 2383 quia
695 2294 865 2384 descripsit
879 2296 1043 2363 cronicam
1060 2296 1092 2362 in
1105 2296 1211 2383 lingua

150 2424 308 2482 materna.
432 2496 434 2501 Ι
1200 2485 1205 2490 Α

193 2531 224 2598 S.
247 2531 425 2598 chrrarnus
439 2530 564 2620 primus
580 2530 680 2598 abhas
694 2541 723 2597 et
743 2539 859 2613 rector,
874 2541 986 2620 pastor
1003 2551 1042 2598 ac
1061 2530 1211 2599 fundator

107 2641 110 2648 ’
147 2646 245 2736 hujus
260 2645 446 2713 monasterii
466 2645 680 2730 Centulensis,
696 2644 856 2714 oriundus
876 2668 913 2714 ex
932 2646 1054 2737 oppido
1073 2646 1210 2716 Centulao

148 2786 184 2831 ex
204 2774 294 2853 patre
315 2763 469 2851 lllquario
487 2763 553 2831 filio
574 2763 701 2831 comitis
721 2763 913 2853 Ragnararii
933 2764 1043 2832 l'ratris
1065 2763 1209 2833 Clodovei

148 2882 346 2948 Francorum
375 2881 459 2968 regis
486 2880 581 2971 primi
608 2880 788 2965 christiani,
811 2893 841 2949 et
868 2903 906 2950 ex
931 2893 1034 2951 matre
1056 2883 1209 2951 Damiaua

147 2998 212 3065 tilia
230 2996 314 3085 regis
329 2997 773 3087 bu1·gondiau‚nept.esanetae
791 2996 923 3067 Clotidis
940 2998 1050 3067 uxoris
1066 2997 1209 3090 praedicti

146 3114 307 3199 Clodorei,
329 3136 346 3181 a
357 3113 526 3202 juventute
544 3135 603 3181 sua
620 3113 680 3181 luit
693 3114 840 3204 simplex,
860 3114 1020 3202 benignus
1036 3126 1068 3184 et
1087 3113 1205 3183 hilaris.

78 3282 91 3297 .
144 3233 213 3311 Qua
241 3231 281 3298 de
306 3252 404 3298 causa
433 3231 472 3297 ab
499 3230 653 3319 lllquario
675 3242 766 3320 patre
792 3251 851 3298 suo
875 3231 1059 3299 amabatur.
1087 3233 1127 3301 Et
1154 3231 1208 3300 iste

144 3349 318 3438 dlquarius
343 3348 406 3416 dux
430 3346 555 3416 Pontivi
577 3347 745 3415 ordinatus
768 3359 815 3430 est
837 3347 928 3416 miles
949 3369 1009 3438 per
1035 3348 1208 3417 Clutorium

146 3485 253 3550 regem
271 3465 486 3548 Francorum,
510 3473 541 3531 et
561 3463 786 3552 inpraesentia
807 3484 845 3530 ac
866 3462 936 3552 ejus
957 3463 1091 3533 consilio
1108 3462 1208 3533 aedis·

173 3688 208 3752 (l)
226 3688 277 3740 Ces
298 3688 368 3739 deux
389 3693 459 3739 mots
475 3702 575 3754 propre
599 3687 727 3740 Turones.
747 3686 852 3738 donnes
874 3699 923 3751 por
946 3686 972 3738 la
992 3687 1069 3753 copie
1087 3687 1121 3739 da
1145 3686 1208 3738 Doni

143 3778 256 3828 Grenier
270 3783 331 3829 sont
346 3778 415 3829 omis
429 3778 497 3829 dans
514 3777 581 3828 celle
596 3779 629 3828 da
646 3776 753 3827 Baluze.

174 3866 208 3928 (2)
231 3865 298 3928 Vita,
314 3871 370 3917 mot
384 3865 452 3916 omis
466 3866 539 3916 orrssl
555 3867 622 3917 dans
638 3865 664 3916 la
681 3865 757 3929 copie
771 3864 803 3914 da
819 3863 928 3914 Haluze.
950 3863 953 3866 ⁴

173 3956 205 4020 (3)
222 3953 402 4021 lnpclrennus
415 3955 484 4006 dans
497 3954 523 4005 la
538 3955 613 4020 copie
628 3954 662 4005 de
678 3954 744 4004 Dom
760 3952 882 4004 Grenier.
