2708 4854
583 405 715 474 -1167
740 446 786 456 -

150 570 292 639 tionibus
316 591 376 659 per
393 569 512 638 dictam
529 568 697 639 ecclesiam
720 570 849 655 debitis,
869 582 1029 660 quatenus
1044 569 1214 639 residuum

150 686 247 775 hujus
277 686 373 755 diotre
405 685 547 755 ecclesiae
575 695 749 775 proaentns
779 695 807 754 et
837 687 983 755 redditae
1013 687 1218 776 reparationi

149 803 403 890 applicarentur.
432 804 475 870 Et
506 803 661 892 qrcortiarn
679 803 829 891 praedicti
853 803 1058 890 pensionarii
1078 811 1218 892 tempore

149 918 207 1006 qui
222 918 270 985 46
292 919 392 986 annis
412 918 511 1008 bajas
533 919 628 988 dicta
649 920 803 987 ecciesia¹
827 919 926 987 abbas
952 920 1066 1004 extitit,
1088 920 1214 988 nullum

150 1033 1215 1127 verificatumbujuslacireddituumreddebaturcomputatorium

149 1172 208 1219 nec
232 1151 265 1217 in
287 1163 446 1220 conventu
470 1153 555 1220 nec2
580 1152 642 1220 alio
664 1154 745 1237 laco,
763 1152 884 1221 idcirco
908 1153 1030 1221 scilicet
1049 1152 1222 1230 instituit³¹

149 1267 235 1356 quod
257 1267 438 1351 annuatim,
461 1267 576 1335 abbate
592 1277 624 1335 et
644 1279 801 1335 conventu
822 1268 1012 1357 caterisque
1035 1267 1134 1358 hujus
1154 1268 1218 1338 loci

148 1383 363 1452 commissarii
377 1384 418 1474 [s]
433 1396 464 1452 et
475 1405 534 1474 per
545 1384 694 1452 abbatem
709 1384 890 1453 commissis
906 1385 1134 1474 praesentibus,
1150 1406 1217 1454 cer-

150 1499 306 1567 tisreatum
331 1498 428 1588 hujus
457 1499 518 1567 loci
540 1500 769 1568 obventionum
791 1500 1025 1569 retribueretur
1046 1513 1214 1590 computa-

150 1613 282 1681 torinm.
305 1614 395 1681 Tunc
415 1635 513 1683 novos
537 1614 711 1683 officiarios
733 1615 964 1683 ordinaverunt
986 1627 1017 1683 et
1037 1615 1214 1684 constitue-

150 1740 239 1814 runt,
265 1730 445 1820 prasertim
470 1730 592 1799 dietum
614 1731 783 1820 liuganem
809 1732 893 1800 Petri
918 1732 1043 1801 abbatis
1067 1733 1214 1817 fratrem,

150 1845 272 1934 quem4
293 1844 325 1911 in
344 1845 460 1913 talibus
480 1846 718 1936 receptionibus
730 1869 798 1937 prae
814 1848 942 1916 caeteris‘
955 1848 1141 1933 excellebat,
1160 1871 1219 1939 per

149 1961 299 2029 abbatem
321 1972 353 2029 et
369 1973 573 2047 conventum,
589 1985 662 2030 cum
678 1963 786 2031 ballivi
802 1963 922 2048 officio,
938 1965 1036 2054 hujus
1053 1964 1147 2034 diotre
1165 1987 1218 2034 eo-

150 2078 257 2147 alesia
294 2089 441 2168 receptor
471 2052 638 2147 ordinatus
673 2089 730 2148 est.
769 2080 940 2164 Praeterea,
962 2081 1217 2170 praenominatus

150 2194 249 2262 abbas
276 2194 400 2278 Petrus,
419 2194 556 2263 indicto
583 2217 692 2264 mense
711 2196 817 2264 martii
839 2197 986 2286 praedicti
1007 2198 1096 2283 anni,
1115 2198 1215 2266 totius

149 2309 244 2377 dictae
261 2308 403 2377 ecelesia
420 2308 615 2399 reparationi
635 2310 851 2378 etresectioni
868 2332 901 2379 se
919 2311 1043 2380 dedidit
1062 2324 1092 2381 et
1110 2313 1214 2403 appli-

150 2424 244 2493 cavit..
264 2425 304 2492 Et
323 2424 356 2490 iu
373 2424 427 2493 illo
445 2437 588 2515 tempore
612 2429 736 2494 totam5
758 2426 926 2495 eeclesiam
946 2429 1071 2517 magnis
1087 2430 1211 2497 hollan-

149 2540 320 2609 drosibusss
336 2541 528 2632 pavimentis
549 2542 752 2611 ornatissime
776 2543 995 2633 pavimentare
1018 2544 1094 2613 iecit
1116 2557 1148 2614 et
1169 2558 1215 2614 te·
1316 2594 1321 2599 -

149 2656 234 2744 gulis
255 2667 286 2724 ct
310 2657 443 2747 plumbo
462 2658 494 2724 in
518 2658 701 2727 utilioribus
722 2659 820 2747 hujus
838 2659 932 2728 dicta
956 2660 1099 2729 ecclesiae
1122 2661 1215 2738 locis.

149 2776 226 2841 cum'
242 2772 314 2841 aliis
334 2773 575 2864 operationibus
598 2775 713 2842 dictu⁷
738 2775 1013 2865 provenientibus,
1047 2788 1154 2865 tegere
1185 2789 1215 2846 et

149 2889 316 2981 cooperire
336 2890 532 2981 procuravit.
552 2889 724 2959 Castellum
745 2913 820 2960 vero
840 2892 880 2959 de
899 2891 1071 2981 Drugiaco,
1095 2915 1213 2983 magno

179 3144 216 3207 (l)
232 3144 282 3195 Ces
307 3143 395 3209 lignes
415 3157 448 3194 en
469 3143 619 3195 caracteres
638 3142 763 3210 italiques
786 3144 992 3210 appartiennent
1011 3145 1027 3196 b
1044 3145 1071 3196 ln
1091 3146 1169 3213 copie
1184 3146 1218 3199 da

148 3234 218 3284 Dour
234 3234 347 3284 Grenier
360 3237 387 3283 et
400 3235 447 3282 ont
461 3231 503 3282 tta
518 3232 617 3283 omises
631 3231 647 3282 a
659 3235 712 3282 tort
726 3232 794 3283 daus
809 3232 835 3283 la
848 3232 924 3298 copie
939 3233 972 3285 de
987 3233 1095 3286 Baiuze.

180 3324 218 3385 (t)
231 3321 263 3374 In
276 3323 346 3373 dans
361 3321 428 3372 Dom
444 3321 568 3373 Grenior.

178 3413 217 3475 (3)
231 3410 411 3463 Instituerunt
426 3410 493 3462 dans
508 3410 535 3462 ln
549 3411 624 3477 copie
638 3411 672 3462 de
686 3411 754 3462 Dom
768 3411 891 3472 Greuier‚
907 3411 933 3463 tn
947 3412 1038 3464 bonne
1054 3412 1103 3465 iai.

181 3504 217 3566 (t)
234 3503 307 3553 Pour
320 3503 376 3567 qai.

178 3596 217 3658 (5)
231 3593 311 3646 istaut
325 3594 394 3644 daus
408 3593 525 3644 l'extrait
539 3593 571 3644 de
587 3593 709 3658 Bommy.

178 3686 217 3746 (6)
232 3683 270 3733 De
286 3682 427 3733 Hortante.
450 3682 548 3733 b'ubbd
568 3683 668 3743 Piorro,
688 3683 721 3734 de
741 3683 887 3734 sentiment
905 3683 1107 3749 bourguignon,
1129 3683 1219 3736 davnit

145 3773 298 3825 volontiers
312 3772 436 3822 adrasser
449 3785 493 3822 ses
507 3771 682 3823 commendes
696 3786 748 3822 nux
765 3773 913 3837 Pars-Bas.

181 3863 216 3924 (t)
231 3860 328 3913 nterim
338 3862 406 3912 dans
418 3861 483 3912 bom
495 3861 617 3913 Groniar.
627 3859 784 3915 -Dtversr's
794 3861 1013 3930 promoventibus
1026 3861 1093 3913 dans
1105 3861 1220 3914 l'extrait

146 3956 182 4005 dc
200 3952 322 4014 Bommy.
