2708 4854
680 386 862 496 y-aa-

242 547 439 616 domesticus
452 549 643 618 ascenderat
658 571 758 641 super
769 572 930 620 summam
950 552 1065 623 turrim
1079 564 1115 624 ut
1132 564 1312 628 coarctaret

242 674 274 731 et
295 662 498 751 extingueret
526 662 645 750 ignem.
670 663 794 734 Cedens
812 667 963 736 deorsum
986 667 1020 735 in
1041 669 1151 739 medio
1171 669 1257 759 ignis
1281 683 1314 742 et

245 780 399 864 flammeo,
417 780 651 869 perambulavit
663 803 767 870 nsque
780 783 820 851 ad
841 804 959 873 corpus
972 785 1076 854 sancti
1088 786 1217 875 Vigoris
1233 788 1312 857 illae·

243 918 312 978 sus,
333 918 432 966 sanus
446 907 477 965 ct
493 896 632 966 inustus.
652 899 714 966 lsto
727 910 884 989 tempore,
904 901 1152 990 quidamvirde
1165 904 1314 975 Tovnaco

238 1013 369 1103 jacebat
396 1034 502 1082 caecus
528 1013 559 1081 in
581 1015 777 1084 monasterio
796 1015 838 1085 sn
852 1016 937 1086 Petri
965 1017 1184 1106 Corbeiensis,
1215 1023 1315 1091 etde

241 1142 336 1201 nocte
360 1130 440 1199 vidit
463 1132 496 1199 in
515 1131 631 1223 spiritu
653 1134 827 1222 quemdam
845 1135 1020 1225 'antiquum
1040 1146 1072 1205 et
1094 1147 1238 1207 veterem
1255 1138 1315 1208 bo-

242 1248 363 1317 minem
381 1249 540 1317 dicentem
559 1249 620 1318 sibi
636 1271 643 1317 :
668 1273 682 1314 v
703 1251 789 1318 t'ade
808 1249 849 1318 ad
865 1250 1098 1321 monasterium
1118 1252 1316 1324 centulense

243 1375 274 1434 ct
292 1365 498 1455 recuperabis
515 1366 635 1433 lumen.
655 1388 668 1429 r
688 1365 779 1445 Quod
795 1365 872 1434 lecit
884 1376 915 1434 et
930 1365 1013 1435 venit
1033 1365 1067 1434 in
1081 1368 1171 1437 bunc
1184 1369 1313 1454 loeutn;

243 1491 273 1549 et
293 1481 333 1550 dc
357 1492 455 1553 nocte.
478 1481 537 1550 iste
566 1481 719 1571 antiquus
742 1481 918 1550 eradicavit
939 1481 1034 1572 pillos
1058 1482 1314 1574 superciliorum

246 1618 379 1666 suorum
392 1598 584 1666 removendo
592 1599 811 1689 ponderosum
822 1598 1027 1685 sanguinem,
1041 1598 1202 1689 etexinde
1211 1602 1315 1687 lactus

247 1723 296 1795 est
312 1733 409 1780 sanus
429 1723 460 1780 ct.
476 1711 598 1780 videns.
618 1711 678 1781 Sed
697 1713 785 1782 sures
801 1713 835 1780 in
855 1733 1004 1801 regressu
1022 1712 1227 1785 violaverunt
1244 1715 1314 1807 ejus

247 1849 403 1896 sororem.
423 1829 491 1908 Ocra
509 1829 548 1896 de
570 1851 666 1897 causa
686 1831 831 1898 ebetatns
850 1831 919 1899 cst¹
941 1840 973 1899 et.
992 1829 1126 1899 intravit
1142 1831 1177 1900 in
1193 1854 1233 1903 eo
1249 1826 1315 1903 sre-

247 1945 357 2029 ncsis3
389 1956 418 2012 ct
444 1943 495 2013 sui
522 1944 661 2014 ministri
686 1946 803 2014 iterum
830 1946 1037 2015 adduxerunt
1060 1968 1138 2016 eum
1166 1946 1203 2017 in
1225 1949 1315 2019 hunc

243 2065 364 2147 locum,
379 2064 411 2131 in
425 2086 490 2153 quo
511 2064 627 2132 iterum
644 2066 753 2132 lactus'
767 2075 814 2133 est
826 2086 936 2133 sanus.
954 2065 1093 2145 Quidam
1109 2066 1196 2158 alius
1209 2056 1316 2155 caecus

246 2184 325 2252 vidit
344 2184 384 2252 de
404 2193 498 2252 nocte
515 2181 691 2251 claritatem
707 2182 1041 2252 circumamictantem
1063 2206 1185 2276 corpus
1211 2187 1312 2256 sancti

245 2299 402 2383 Richarii,
422 2311 453 2367 et
469 2321 506 2368 ev
522 2300 574 2366 illa
588 2299 709 2368 visione
723 2300 825 2367 lactus
837 2298 1025 2383 cst'videns,
1041 2310 1074 2369 et
1089 2300 1226 2391 abJectae
1238 2312 1312 2395 sunt

245 2416 386 2484 tenebrae
398 2415 438 2482 ab
452 2415 552 2483 oculis
565 2415 635 2504 ejus
647 2436 707 2505 pro
717 2415 826 2504 aliquo
839 2426 1001 2505 tcnrpore;
1019 2426 1050 2485 et
1062 2416 1140 2506 quia
1150 2416 1308 2507 ingratus

246 2553 311 2601 non
327 2531 492 2599 reddendo
513 2531 691 2619 gratiarum
707 2531 861 2616 actiones,
877 2532 1054 2616 remeabat,
1068 2533 1174 2603 lactus
1190 2545 1240 2604 cst
1254 2555 1310 2603 ce

246 2671 303 2717 cus
323 2647 453 2716 iterum.
476 2647 660 2732 Confessus,
680 2647 759 2715 vidit
778 2648 965 2738 praedictam
984 2647 1141 2718 visionem
1157 2649 1308 2719 claritatis

246 2787 283 2834 cx
302 2787 365 2854 qua
387 2764 501 2833 iterato
522 2764 643 2854 recepit
658 2764 808 2832 virtutem
827 2764 971 2850 visivam,
991 2775 1034 2850 et,
1051 2766 1190 2837 laudans
1209 2767 1304 2859 Deum

245 2880 1300 2971 ctsuumsanctumconlessorcnrRichariumcgressusestsanus.

248 2999 316 3067 Una
331 2997 449 3066 mulier
462 2999 501 3065 dc
514 2999 632 3082 Barcen,
647 2997 828 3088 paralitica,
839 2996 959 3066 audivit
975 3020 994 3067 a
1011 2996 1124 3067 ricinis
1136 3000 1223 3090 quod
1238 2996 1302 3067 reli·

247 3112 329 3204 giesi
348 3136 422 3182 cum
442 3113 647 3204 processione
667 3113 839 3204 portabant
859 3134 977 3204 corpus
996 3114 1099 3183 sancti
1118 3113 1256 3193 Rioberii
1270 3110 1296 3181 in

245 3230 417 3322 praesentia
437 3230 521 3327 dicti¹
534 3229 661 3299 Gervini
681 3230 721 3298 ad
747 3228 915 3299 ecclesiam
936 3230 1038 3298 beatae
1057 3229 1166 3303 Maiae
1186 3230 1225 3299 dc
1245 3228 1294 3297 tlr·
1351 3240 1353 3337 ζ

244 3346 340 3431 liaco,
355 3346 461 3434 Aittp.
485 3347 557 3436 lpse
580 3368 652 3414 cum
675 3344 842 3415 devotione
862 3335 944 3415 veut
965 3345 1087 3433 venire,
1107 3356 1151 3432 ct,
1173 3362 1297 3435 surgens

244 3483 335 3547 sana,
356 3462 443 3530 venit
462 3485 536 3530 curn
557 3461 627 3530 aliis
643 3461 683 3530 ad
704 3461 890 3552 praedictam
905 3461 1074 3532 ecclesiam
1089 3462 1131 3532 de
1144 3462 1245 3553 litte.

275 3712 308 3778 (l)
326 3711 476 3767 Obrecatrrs
489 3713 557 3766 dans
571 3714 597 3766 la
611 3714 687 3780 copie
701 3714 734 3766 de
749 3713 816 3764 Dorn
831 3713 952 3766 Grenier.
