2708 4854
501 447 700 518 -109-

65 623 164 680 lotam
184 611 291 679 uillam
311 621 599 679 concremaverunt
615 612 638 695 ¹,
660 611 713 678 tali
731 611 827 679 modo
843 611 929 700 quud
949 610 1130 697 religiosus

65 727 198 795 missam
222 747 374 815 magnam
399 726 565 794 celebrans
587 738 698 793 contra
714 725 821 814 majus
837 727 949 811 altare,
967 726 1027 794 luit
1044 748 1133 794 eum-

63 846 199 930 bustus3
217 858 249 913 et
262 867 336 913 cum
350 867 400 929 eo,
418 856 480 913 tam
499 844 531 911 in
546 844 682 913 ecclesia
696 867 795 934 quam
812 843 844 912 in
858 844 943 930 villa,
954 845 1019 913 duo
1032 844 1133 912 millia

67 960 142 1061 illd,
160 961 339 1052 promiscui
354 961 494 1049 generis,
513 961 587 1049 igne
604 972 635 1028 et
652 961 783 1028 damma
803 961 922 1030 mortui
940 973 1027 1029 sunt.
1047 961 1086 1028 Et
1099 961 1133 1028 in

66 1079 118 1146 illa
147 1079 368 1148 destrucliun‘e
397 1079 600 1169 perdidimus
622 1100 745 1161 ¹omnes
773 1090 878 1147 cartas
905 1089 936 1147 et
967 1078 1134 1168 priuilegia

66 1208 175 1265 nostra
196 1221 205 1280 ;
227 1207 417 1265 umamenta
436 1208 467 1265 et
481 1196 590 1265 omnia
608 1197 693 1263 bona
712 1196 844 1264 mobilia
862 1196 1029 1264 cumbusta
1044 1207 1130 1264 sunl.

66 1312 150 1380 Nihil
171 1314 301 1403 penitus
329 1313 495 1397 remansit,
522 1313 664 1402 exceptis
690 1312 883 1381 sanctuariis
902 1312 960 1402 [et]
989 1312 1135 1402 reliquiis

66 1432 217 1500 omnibus
233 1431 385 1522 projectis
405 1443 436 1500 et
451 1432 579 1501 sulcatis
595 1432 627 1498 in
646 1431 752 1521 puteis
768 1453 941 1521 aquarum.

112 1550 161 1633 Et,
176 1549 246 1639 ipsu
256 1549 269 1592 ‘2
281 1569 379 1633 anno,
390 1571 473 1639 papa
488 1548 695 1616 Innocentius
709 1548 837 1616 tenebat
851 1546 1024 1616 concilium
1038 1568 1136 1634 gene·

70 1666 132 1733 rale
156 1665 189 1733 in
211 1665 337 1733 civitate
352 1665 525 1748 Remensi;
549 1649 601 1733 cui
625 1665 657 1730 in
681 1685 819 1754 persona
840 1663 946 1732 dictus
967 1665 1134 1734 Ancherus

71 1781 275 1849 suecendium
296 1781 494 1850 lacrimabile
509 1781 682 1850 declaravit
696 1781 802 1871 palam
824 1792 856 1848 et
868 1780 1009 1870 publice,
1024 1802 1133 1850 eoram

74 1897 138 1986 ipsu
149 1908 180 1966 et
193 1898 344 1966 omnibns
357 1898 488 1987 prelatis
504 1898 624 1966 ibidem
637 1898 860 1981 existentibus,
872 1897 928 1986 qui
941 1897 1135 1988 planxerunt

76 2013 1135 2104 clrituperaverunttalenelasettantamdestructionem‚dicend0

79 2149 143 2197 rece
169 2151 309 2218 magna:
340 2154 352 2195 r
380 2131 421 2199 Ut
449 2130 528 2220 quid
559 2130 698 2220 perditio
727 2131 824 2197 baec?
847 2157 860 2191 i
887 2130 925 2197 Et
950 2130 1029 2198 ille³
1057 2141 1135 2197 tunc

80 2242 175 2314 Simon
205 2247 376 2337 episcopus
403 2247 614 2315 Turnacensis
636 2245 810 2337 requisivit
834 2246 922 2335 quod
946 2245 980 2313 in
1005 2245 1079 2314 villa
1103 2257 1136 2314 et

84 2362 202 2430 ecclesia
231 2362 272 2431 gn
298 2364 439 2432 Ricbarii
468 2364 508 2432 de
536 2365 678 2432 llredcne
709 2385 775 2432 suae
804 2362 967 2446 diucaesis,
1001 2361 1034 2430 iu
1068 2383 1134 2450 qua

85 2477 202 2546 eeclesia
221 2490 314 2546 erant
326 2479 391 2547 duo
407 2481 510 2548 curati
528 2492 559 2548 et
571 2481 644 2548 duae
658 2480 835 2570 portiones,
847 2478 934 2568 quod
949 2498 1033 2546 unus
1047 2499 1134 2546 arne

10 2660 13 2665 ,
87 2608 196 2665 rer-erm·
215 2608 245 2666 et
263 2597 355 2664 unal
374 2598 480 2688 pertin
498 2620 557 2688 pro
577 2598 671 2666 nobis
687 2608 925 2679 resecraretur3
947 2597 1033 2685 quod
1053 2595 1134 2664 obti-

86 2708 152 2778 nuit.
174 2714 212 2782 Et
232 2715 301 2782 baec
321 2714 398 2783 lecit
413 2715 579 2804 publicare
602 2714 717 2802 brugis
736 2715 768 2782 in
788 2714 921 2783 ecelesia
942 2713 1050 2782 Sancti
1074 2713 1134 2782 Do-

13 2874 22 2915 2.
86 2827 160 2895 uatii.
179 2830 215 2898 Et
232 2853 270 2899 ex
285 2831 334 2898 bis
351 2831 509 2899 habemus
529 2843 560 2900 et
577 2831 750 2898 babuimus
772 2830 1007 2920 possessionem
1029 2851 1133 2919 usque

12 2989 19 3030 ·:
90 2933 116 3002 in
132 2940 317 3012 hodiernum
339 2944 437 3012 diem.
460 2944 494 3011 ln
515 2945 602 3013 dictu
621 2944 759 3013 concilio
776 2945 964 3014 conclusum
983 2943 1133 3033 estquod

10 3108 24 3149 :r
82 3034 178 3127 'dicius
198 3060 442 3150 Cuncpdncnine
462 3073 492 3129 et
515 3061 566 3129 sui
586 3062 787 3131 adhaerentes
808 3060 1033 3130 reedificarent
1050 3061 1134 3129 bunc

19 3218 25 3227 .
90 3170 250 3242 ecclesiam.
273 3175 363 3254 Quod
388 3175 547 3244 recusarit
564 3175 670 3244 dietus
686 3177 865 3260 bucheriis,
887 3175 1025 3244 dicendo
1044 3172 1131 3266 quod

10 3362 31 3382 ”
114 3371 142 3433 dt
156 3375 188 3428 Lu
201 3378 277 3446 copie
292 3379 325 3431 de
340 3379 406 3431 Dum
423 3380 536 3432 Grenier
550 3381 656 3432 donne:
677 3383 761 3432 lolam
775 3380 878 3457 uillam·
888 3383 1132 3434 concremaverunt

10 3451 27 3498 3:
88 3456 107 3504 et
124 3462 148 3512 tn
164 3467 297 3519 cineratus
310 3472 477 3534 posuerunl,·
499 3472 538 3520 ila
559 3470 631 3536 quod
651 3470 745 3522 errante
763 3469 879 3535 edificia
899 3472 1068 3534 corruerent,
1083 3470 1133 3522 lali

10 3550 27 3614 ,ἶῑ
90 3549 154 3602 nono
165 3556 231 3619 quud
245 3557 393 3621 religiosus.
410 3564 460 3610 etc.

12 3676 34 3719 θ’.
113 3632 142 3696 dt
153 3637 199 3694 blo
212 3644 281 3695 dans
296 3644 323 3696 la
337 3645 413 3710 copie
428 3645 461 3697 de
477 3646 543 3698 Dum
559 3647 681 3700 Grenier.

15 3724 30 3809 ’ὁ
113 3721 142 3786 dt
156 3728 193 3782 uu
210 3733 259 3785 ure
277 3734 320 3787 un
341 3736 413 3786 avan
431 3736 543 3788 cauom
561 3737 629 3789 eun
646 3738 701 3800 uro,
724 3738 801 3805 neon
824 3739 857 3791 ue
880 3738 906 3791 u
925 3740 1001 3807 copie
1015 3741 1049 3793 aa
1063 3741 1132 3793 nom

15 3834 22 3864 e
89 3804 190 3873 Grenici.
203 3824 262 3877 Une
276 3826 426 3877 correction
441 3827 544 3878 semble
559 3828 672 3889 donner,
683 3842 737 3880 non
748 3842 796 3894 pus
809 3829 859 3893 tui,
870 3831 937 3882 muts
952 3830 1006 3883 ille.
1019 3832 1132 3884 ducune

90 3894 116 3947 ⁴¹0
127 3916 166 3957 ces
178 3914 309 3967 variantes
323 3916 392 3966 n'est
405 3917 597 3969 satislaisante.

113 3991 142 4057 (⁴)
157 3997 208 4057 Una
222 4019 257 4057 on
271 4018 329 4058 mn.
349 4033 373 4046 -
392 4006 413 4056 ll
429 4021 444 4071 y
458 4021 474 4059 a
488 4021 521 4060 eu
536 4009 695 4073 correction,
706 4009 861 4077 surebarge.
