2708 4854
501 376 679 445 „57-

59 571 74 603 1
103 541 161 609 tibi
185 552 221 610 ut
240 551 272 609 tu
293 560 465 629 recuperes
482 559 618 628 corpora
634 538 736 606 sancti
758 536 900 605 Richarii
918 549 950 606 et
965 537 1126 606 t'ualarici

60 685 76 720 o
104 658 272 748 qnondam
290 656 414 725 abbatis
430 654 756 739 Forestimonasterii‚
786 665 818 722 et
842 654 991 723 restituas
1017 654 1071 722 itta
1092 654 1126 721 in

60 798 77 841 11
106 774 250 843 ecclesiis
263 774 331 842 suis
347 797 355 857 ;
373 785 402 841 et
420 772 497 840 inde
513 772 652 861 accipies
669 771 864 857 mercedem,
882 772 1008 861 quintu
1024 783 1055 839 et
1073 783 1127 839 tua

62 918 78 953 1
107 891 279 982 posteritas
299 913 402 981 nsque
422 891 454 958 in
475 890 645 980 septimam
662 890 904 977 generationem
922 889 1131 980 possidebitis

62 1034 75 1072 1
105 1007 556 1098 pacificeregnumFranciae;
569 1007 1131 1097 quaccorporadrnulphus¹‚comes

60 1153 73 1185 ι
103 1124 263 1193 Fiandriar
275 1125 353 1192 dum
371 1124 506 1208 virebat,
521 1124 646 1191 furatus
662 1134 710 1191 est
724 1134 756 1191 et
768 1144 805 1190 ca
819 1123 927 1212 posuit
944 1122 977 1189 in
993 1123 1130 1191 ecclesia

62 1269 75 1301 ι
105 1241 190 1310 beati
207 1240 328 1309 Bertini
347 1240 379 1307 in
392 1240 507 1308 Sancto
523 1240 694 1309 Odomaro.
713 1239 779 1306 »Et
796 1239 903 1306 subito
920 1239 1008 1307 misit
1025 1249 1129 1307 cartas

58 1358 125 1425 tilio
146 1357 225 1425 dicti
248 1356 374 1425 comitis
400 1356 457 1446 qui
478 1378 542 1424 non
562 1357 623 1425 fuit
643 1378 743 1424 ausus
762 1356 910 1424 resistere
931 1368 963 1424 et
979 1356 1128 1447 promisit

59 1472 246 1540 restituere.
270 1472 340 1551 Quo
354 1471 465 1540 audito
482 1483 513 1540 et
527 1473 613 1540 dicto
626 1472 795 1560 lngelardo
810 1471 929 1561 jurene
945 1483 977 1540 et
990 1471 1127 1539 diacono

57 1590 132 1658 licet
150 1590 268 1657 abbate
288 1589 385 1678 coepit
408 1589 607 1658 reedifficare
631 1588 799 1657 ecclesiam
824 1588 931 1673 istam,
958 1609 1023 1656 non
1046 1587 1126 1656 tanti

59 1704 204 1772 ambitus
224 1703 337 1792 quanti
363 1704 479 1786 suerat,
502 1704 556 1771 sed
581 1703 805 1791 restringendo
821 1725 859 1771 eo
877 1703 974 1772 modo
995 1725 1060 1792 quo
1080 1713 1131 1780 est

58 1821 91 1887 in
109 1819 291 1909 quantitate
308 1819 347 1887 de
360 1820 523 1910 prasenti.
538 1820 628 1899 Quod
642 1820 764 1909 placuit
776 1820 928 1887 omnibus
943 1830 974 1887 et
990 1819 1128 1887 maxime

60 1936 191 2024 liugoni
208 1936 308 2026 Capet
329 1936 408 2024 regi,
429 1937 481 2005 cui
496 1936 509 1977 ²
525 1936 613 2004 misit
632 1937 824 2025 legationem
841 1937 931 2027 pacis
948 1936 1054 2005 dictus
1069 1938 1128 2004 dr-

59 2053 178 2121 noldus
196 2073 304 2120 comes
316 2054 340 2135 ³,
361 2052 498 2120 dicendo
513 2054 600 2142 quod
616 2053 648 2120 in
666 2053 756 2122 novis
773 2053 877 2143 capsis
896 2053 1057 2142 argenteis
1077 2076 1128 2122 re-

59 2169 203 2237 mitteret
228 2188 364 2258 corpora
387 2179 508 2237 sancta.
531 2170 570 2237 Et
586 2168 620 2236 in
643 2191 739 2258 capsa
758 2169 860 2238 sancti
885 2169 1028 2237 Richarii
1052 2168 1130 2238 fecit

59 2285 204 2354 scribere
219 2305 330 2352 versus
344 2295 514 2374 sequentes
531 2308 538 2352 :

165 2509 282 2565 Arnulii
295 2511 412 2566 comitis
426 2527 529 2566 versus
543 2512 598 2566 hos
613 2511 691 2567 dicto
707 2512 805 2567 sciatis
820 2512 842 2580 ⁴,

240 2608 318 2670 Quos
334 2606 444 2661 solidus
458 2608 584 2662 Dorarino
597 2606 702 2662 fecerat
719 2607 780 2678 ipse
793 2608 851 2679 pio.

167 2708 259 2761 istum
276 2705 409 2760 Richnrio
423 2705 530 2760 lectum
545 2707 596 2776 qui
610 2705 742 2761 condidit
756 2704 844 2774 almo,

240 2801 396 2857 Cosslccarit
411 2803 437 2857 ci
454 2804 586 2859 membra
600 2803 706 2876 pudica
721 2803 776 2856 sui.

88 3020 125 3080 tu
142 3019 210 3071 Plus
223 3019 290 3070 haut
304 3019 450 3073 Arnoldas.

91 3112 126 3172 (2)
142 3109 175 3163 Je
190 3111 249 3163 suis
263 3125 361 3164 encore
376 3113 410 3164 ici
426 3113 452 3164 11
467 3113 545 3178 legen
561 3113 596 3164 du
616 3113 719 3177 copiste
733 3112 766 3164 de
782 3112 849 3164 Doro
867 3111 992 3174 Grenier,
1008 3111 1079 3162 celui
1094 3110 1128 3162 de

60 3201 158 3253 Batnae
173 3203 298 3253 donnunt
312 3202 328 3252 11
342 3203 459 3269 tortqui.

93 3298 127 3359 (3,
144 3297 216 3348 C'est
231 3297 300 3348 celui
316 3299 396 3363 qu'on
412 3299 516 3364 appelle
530 3298 652 3349 Arnould
669 3298 703 3347 11.

88 3395 123 3456 (t)
142 3393 181 3445 De
196 3408 242 3446 ces
255 3399 349 3459 quatre
364 3408 426 3445 vers
440 3409 493 3459 quc
505 3396 533 3459 je
553 3395 693 3460 reproduis
713 3394 823 3446 suivant
838 3393 864 3445 11
881 3393 959 3460 copie
978 3393 1011 3445 de
1032 3391 1131 3444 Baluze

54 3481 94 3533 les
108 3484 176 3535 trois
191 3484 322 3549 premiers
336 3483 472 3549 appellent
483 3483 625 3549 beaucoup
641 3484 674 3534 do
690 3497 856 3550 remarques.

91 3581 214 3632 l’remier
233 3594 302 3632 vers.
321 3608 352 3618 -
373 3582 409 3632 Le
430 3581 583 3647 copistede
603 3581 670 3632 Dom
690 3579 1129 3648 61111111111111111111111,11
1229 3574 1237 3592 “

57 3675 128 3721 reste
142 3683 249 3722 comme
260 3671 288 3734 je
303 3669 345 3721 l’ai
360 3672 509 3722 mointenu.
526 3671 592 3723 Mais
606 3685 660 3722 uno
674 3671 757 3731 main,
770 3671 902 3723 ancienne
917 3684 1024 3732 encore,
1036 3684 1051 3721 1
1065 3669 1129 3721 bitte

56 3760 127 3811 «tans
141 3759 168 3810 11
183 3760 374 3826 transcription
389 3761 422 3811 de
437 3759 536 3812 Beluae
551 3760 591 3812 les
605 3765 676 3811 mots
691 3774 784 3812 versus
799 3759 846 3812 hos
859 3760 930 3812 dicto
941 3764 968 3810 et
979 3759 1044 3810 iesu
1059 3773 1128 3810 rem·

53 3848 146 3914 places
161 3863 210 3914 par
226 3847 266 3899 les
280 3854 350 3900 mots
363 3863 580 3916 quaquaversum
596 3849 673 3914 sacta
687 3863 740 3915 que
750 3850 841 3901 donne
855 3849 988 3902 Hnriulse.
1000 3847 1127 3914 —Spici·

54 3940 111 4005 tayo
127 3939 161 3991 de
178 3938 323 4004 d'Achcry,
337 3954 363 4005 p.
378 3940 433 3991 315.
448 3967 478 3976 -
494 3938 686 4005 L'indulgence
706 3938 732 3991 11
751 3939 813 4004 plus
831 3938 963 3989 benevole
977 3951 1012 3988 ne
1027 3935 1129 3988 saurait
