2708 4854
665 382 710 393 -
734 342 799 412 tou
821 383 867 395 -

234 516 266 573 et
287 503 432 572 redditus
450 515 481 572 et
501 516 674 596 proventus
696 505 967 593 annihilarentur,
990 508 1056 577 Deo
1076 508 1213 597 gratias,
1233 512 1305 579 nul·

235 622 285 689 lus
312 620 478 689 intraneus
504 634 560 689 aut
584 634 755 691 extraneus
776 622 809 691 in
834 624 896 693 hac
912 624 992 712 ‚villa
1012 626 1112 717 periit
1126 629 1229 714 same,
1250 630 1304 699 sed

234 735 403 806 omnibus¹
426 737 651 827 provenientes
669 739 839 808 sustentati
858 751 947 826 suut,
970 753 1003 810 ct
1021 743 1173 833 quamvis
1192 745 1305 815 sestia-

237 853 321 921 rium
342 854 428 921 bladi
447 854 640 923 venderetur
657 855 770 925 decem
797 856 931 943 francis,
950 879 1024 947 quae
1049 859 1162 929 omnia
1190 883 1305 952 passus

233 980 282 1038 est
296 970 403 1038 dictus
420 970 514 1058 llugo
528 971 552 1039 ¹².

279 1088 340 1156 lste
356 1087 450 1174 llugo
467 1087 545 1155 emit
565 1087 606 1156 de
625 1109 707 1157 novo
723 1088 911 1176 menagium
931 1102 1080 1161 nostrum
1094 1090 1137 1161 de
1156 1093 1304 1163 Abbatis·

236 1205 320 1289 rilla,
338 1216 370 1273 et
386 1205 570 1273 alternatim
590 1216 622 1274 ct
644 1206 824 1276 successive
844 1229 956 1277 omnes
975 1208 1123 1279 redditus
1143 1220 1177 1279 ct
1196 1211 1304 1280 omnia

236 1332 417 1389 tenemento
430 1320 523 1389 nobis
535 1321 730 1411 pertinentia
743 1321 775 1389 in
789 1322 996 1392 Abbatisvilla
1009 1346 1085 1414 quae
1099 1325 1141 1393 ab
1154 1325 1301 1416 hospitali

234 1437 340 1507 Sancti
359 1436 497 1527 Spiritus
518 1446 669 1505 tenentur
682 1438 887 1507 hereditarie
907 1439 1092 1529 acquisivit,
1107 1450 1141 1509 ot
1160 1440 1195 1509 in
1214 1452 1302 1531 parte

235 1553 368 1621 domum
392 1564 535 1621 nostram
559 1551 729 1622 edificavit
752 1566 954 1645 sumptuose,
981 1554 1067 1625 sicut
1084 1556 1184 1625 latius
1205 1556 1302 1627 conti-

234 1680 330 1736 netur
350 1668 382 1735 in
404 1690 486 1738 novo
507 1668 697 1759 repertorio,
725 1668 805 1737 Item
827 1669 973 1738 redditus
992 1692 1077 1760 quos
1093 1671 1254 1741 habemus
1269 1671 1300 1738 in

231 1785 304 1853 villa
320 1786 359 1853 cle
376 1785 762 1853 Fonteines-sur·Somme
781 1784 814 1853 in
831 1796 922 1875 parte
940 1786 1142 1876 procuravit.

747 2073 794 2127 Vll

235 2254 336 2321 l'ente,
358 2269 409 2325 par
432 2252 557 2308 llobinet
575 2252 610 2308 de
630 2249 842 2323 lignesnatil
858 2251 893 2306 de
910 2251 1085 2322 Ponthoille,
1102 2252 1155 2309 des
1169 2252 1256 2310 fonds
1269 2254 1301 2311 de

270 2354 379 2420 Portos,
395 2351 430 2407 do
446 2352 573 2422 Polohoy
587 2355 616 2405 ot
630 2352 749 2422 Noyers,
766 2350 924 2405 anutoine
943 2349 980 2404 de
998 2334 1105 2407 Wis'oc.
1125 2383 1162 2391 —
1181 2352 1303 2409 Robinct

271 2453 362 2503 remct
377 2447 404 2502 la
420 2448 529 2503 saisine
545 2456 573 2503 et
586 2447 754 2519 possession
767 2445 853 2501 melle
865 2446 899 2502 de
909 2462 958 2501 ces
968 2446 1053 2502 hiens
1063 2447 1198 2503 eutreles
1209 2450 1302 2505 mains

268 2547 307 2601 du
322 2546 409 2619 bailly
429 2547 464 2601 de
481 2545 618 2619 sabbam,
641 2563 678 2600 au
700 2546 785 2618 profit
806 2545 841 2601 de
857 2545 954 2602 Wisoc
967 2562 974 2613 ;
989 2545 1066 2601 mais
1080 2546 1123 2603 les
1137 2546 1223 2603 biens
1238 2552 1303 2604 sont

268 2650 385 2700 rotenus
404 2660 455 2717 par
476 2643 603 2716 l'obbaye
623 2645 675 2714 qui
695 2660 732 2699 en
752 2644 937 2713 remhourso,
960 2658 997 2698 en
1013 2648 1108 2717 temps
1124 2644 1160 2701 de
1175 2645 1261 2716 droit,
1277 2646 1302 2702 le

266 2741 328 2813 prix
342 2757 377 2794 au
394 2741 436 2796 dit
450 2741 555 2795 Wisoc.
567 2741 663 2795 —Ces
679 2740 764 2795 biens
775 2740 1000 2812 appartiennent
1010 2756 1119 2796 encore
1134 2740 1301 2817 ll'ubbaye,

269 2843 347 2894 1492.
364 2871 398 2878 —
411 2839 524 2894 Nicolas
542 2839 688 2908 Bourdon,
710 2841 812 2911 prevrit
832 2837 867 2893 dc
881 2836 1020 2911 l'ahhape.
1035 2870 1071 2879 —-
1090 2839 1304 2912 8011481036.-

267 2937 290 2992 ll
304 2952 442 3009 compose
452 2936 479 2990 la
493 2936 629 3007 musique
640 2936 675 2991 de
689 2936 839 3008 plusieurs
849 2951 960 3008 preses.
972 2968 1007 2976 -
1018 2937 1055 2992 Sa
1065 2942 1153 2994 mort
1164 2969 1200 2979 -
1210 2938 1304 2994 Picrre

267 3033 293 3089 le
310 3036 405 3089 Prelre
420 3033 463 3088 lui
479 3034 603 3089 succede
619 3033 691 3089 dans
706 3034 749 3089 los
769 3033 919 3090 fonctions
937 3033 973 3089 de
983 3036 1102 3107 provol-
1118 3066 1154 3076 -
1168 3034 1256 3107 Elogo
1269 3035 1304 3093 dc

268 3133 361 3189 Pierre
375 3132 402 3187 le
418 3135 524 3187 Protre.
540 3163 574 3172 —
589 3131 610 3187 ll
625 3136 670 3187 est
685 3135 805 3187 nomme
820 3131 929 3188 vicaire
943 3131 978 3188 de
992 3130 1095 3189 l'abbe.

274 3311 338 3378 Suo
364 3322 519 3400 temporo,
538 3310 672 3400 quidam
693 3310 783 3379 miles
804 3310 935 3379 nomine
956 3309 1088 3379 messiae
1106 3310 1243 3381 Robinet
1262 3312 1302 3381 dc

231 3428 358 3515 Linque,
370 3429 483 3494 natus3
496 3426 534 3494 de
547 3427 717 3509 Poulor'lle,
729 3426 871 3495 vendidit
881 3425 894 3513 j
899 3448 956 3494 ure
969 3424 1178 3496 haereditario
1191 3427 1303 3498 leodos

259 3625 293 3687 (t)
308 3623 404 3677 ornnes
418 3625 486 3675 <lans
500 3624 526 3675 la
541 3624 617 3689 copie
633 3623 666 3675 do
682 3624 749 3674 Dom
763 3623 884 3675 Gronier.
902 3622 1034 3676 Omnibus
1049 3622 1108 3676 doit
1122 3623 1232 3677 uouloir
1245 3623 1304 3678 dire

229 3727 279 3778 por
293 3720 353 3764 tous
368 3727 403 3763 ou
418 3714 450 3764 de
466 3719 555 3764 toules
569 3712 676 3763 choses.

260 3803 294 3865 (tt
308 3803 404 3863 Aluos,
419 3804 510 3867 aj0ute
524 3802 551 3853 lc
565 3803 642 3867 copie
656 3803 689 3854 ‹le
705 3802 772 3854 Dum
788 3802 911 3854 Grenier.

259 3895 294 3958 (3)
309 3893 439 3946 licelinus
453 3894 486 3944 de
502 3893 654 3945 Ponthoille
669 3894 737 3945 daus
751 3894 867 3946 l'extrait
878 3894 912 3946 do
927 3894 1049 3960 Bommy.
