2708 4854
700 426 901 503 ...¹180-

263 596 293 658 et
321 591 401 660 aliis
426 592 627 681 antiquitat
653 592 812 662 ueteribus
837 592 880 659 ud
905 592 1070 661 nichilum
1090 591 1319 661 reticeant.

263 706 385 775 Deinde
403 707 555 796 Drugiaci
575 719 607 777 ct
619 709 796 777 Firmitatls
817 709 946 778 castella
965 719 997 777 et
1010 708 1107 777 dictae
1126 708 1211 778 vittae
1225 707 1323 778 Sancti

262 822 405 893 llielrarii
426 825 613 893 suburbana
635 836 816 916 caeteraque
838 825 958 916 oppida
976 836 1074 916 atque
1088 825 1322 925 molendinaad

260 941 344 1008 hanc
358 940 521 1009 abbatiam
536 942 731 1031 pertinentia
745 953 909 1032 totamque
921 942 1061 1033 patriam
1073 942 1323 1033 circumquaque

259 1056 467 1142 ambientem,
481 1058 758 1148 usquel'acariam
769 1060 812 1127 Le
825 1060 943 1148 Boucq,
958 1059 1087 1150 penitus
1101 1058 1324 1129 destruxerunt

260 1186 292 1243 et
311 1174 592 1260 annilrilarcrunt;
612 1188 642 1244 ot
657 1177 753 1266 plura
770 1175 833 1243 alia
852 1175 979 1244 infinita
999 1175 1077 1245 huic
1095 1176 1213 1267 patrias
1230 1175 1323 1246 detri-

260 1304 380 1376 menta,
395 1292 436 1359 ob
449 1291 606 1380 prolixam
622 1292 843 1362 recitationem
860 1291 1091 1383 pretermissa,
1107 1292 1285 1363 intulerunt
1294 1302 1324 1359 et

258 1410 479 1479 conlocarunt.

782 1637 807 1691 X

258 1814 359 1871 L'alrbe
375 1816 468 1871 l‘icrre
483 1813 534 1870 luit
549 1814 681 1870 relondrc
697 1819 797 1886 quatre
812 1830 928 1887 grossos
942 1813 1059 1871 cioches
1076 1818 1106 1871 et
1120 1814 1193 1871 trois
1210 1815 1321 1889 petitas,

293 1922 321 1971 et
344 1919 457 1988 ro'parcr
473 1915 591 1986 l'eglise.
613 1948 648 1956 -
669 1916 691 1971 ll
710 1915 761 1971 luit
780 1917 861 1972 aussi
879 1915 983 1972 rescire
1000 1916 1027 1971 le
1047 1915 1175 1987 clocher,
1197 1920 1275 1972 1476.
1290 1948 1323 1956 —

293 2015 447 2070 Errsonrble
464 2014 499 2070 dc
514 2031 561 2069 sos
576 2020 694 2070 traraur
709 2020 738 2071 ot
753 2014 787 2070 de
801 2031 848 2070 ses
863 2015 1057 2086 acquisitione
1070 2030 1147 2088 pour
1163 2013 1284 2087 l'dglise.

301 2197 387 2263 llollo
419 2206 575 2280 cessante,
607 2195 861 2286 praenominatus
892 2196 1006 2265 Petrus
1031 2207 1175 2287 quatuor
1199 2216 1324 2285 grossas

258 2332 431 2401 campanas
457 2321 489 2378 ct
513 2322 576 2379 tros
599 2331 713 2399 parnas
735 2311 907 2380 refundere
932 2309 1019 2392 lecit,
1042 2320 1074 2379 et
1094 2331 1188 2379 suam
1206 2309 1322 2379 dictam

258 2428 439 2511 eeclesiam,
455 2427 501 2494 uti
514 2426 631 2517 potuit,
648 2428 846 2496 destructam
862 2447 1042 2511 remorare,
1057 2425 1163 2495 trihus
1174 2426 1323 2495 lathomis

259 2567 296 2613 ac
312 2543 460 2633 lapicidis
473 2556 633 2612 mercatus
651 2555 717 2628 est;
736 2565 876 2633 quorum
895 2564 980 2611 unus
996 2541 1121 2611 indicti
1135 2541 1323 2633 campanilis

257 2659 488 2742 remoratione,
506 2681 579 2728 eum
599 2679 665 2727 nno
682 2681 815 2728 snorum
837 2668 1037 2743 consortum,
1054 2658 1246 2729 interfectus
1265 2668 1322 2744 est,

256 2787 287 2844 et
299 2777 364 2843 dno
384 2775 439 2842 alii
459 2797 558 2842 laianu
577 2775 755 2865 operararii
774 2775 1002 2844 miserabiliter
1015 2774 1098 2844 taesi.

298 2894 393 2959 drino
410 2902 517 2960 autem
534 2892 633 2977 lato,
652 2892 907 2983 praenominatus
926 2892 1026 2961 abbas
1041 2891 1175 2960 cuidam
1191 2913 1322 2985 carpen-

256 3008 337 3076 tario
350 3009 472 3076 dietum
487 3008 666 3098 campanile
685 3018 768 3076 tecto
783 3007 933 3096 lignario,
949 3029 1022 3076 eum
1035 3008 1222 3099 pyramide,
1237 3009 1321 3101 quod

255 3145 421 3212 utinquam
450 3123 608 3207 extiterat,
635 3122 778 3191 construi
803 3134 834 3191 et
861 3122 947 3191 effici
971 3133 1136 3193 mercatus
1162 3137 1239 3209 est;
1266 3145 1322 3217 pro

255 3240 348 3329 cujus
375 3239 528 3327 tegimine
555 3250 611 3308 aut
642 3250 766 3308 tectura
784 3239 1042 3333 praenominatus
1065 3240 1169 3310 abbas
1185 3252 1323 3332 quatuor

255 3356 366 3444 viginti
388 3356 490 3423 millia
513 3366 543 3424 ct
568 3368 778 3424 sexcentuum
796 3355 1001 3424 ardosiarum
1027 3356 1276 3447 quadringentis
1293 3367 1323 3426 et

255 3472 626 3556 dorornseutisonri13ct
639 3474 727 3559 inde,
737 3495 831 3563 posse
844 3494 916 3559 suo,
925 3473 1019 3542 dictae
1031 3474 1171 3543 chorum
1184 3473 1322 3545 ecclesia

256 3589 371 3656 melius
391 3610 488 3677 quarn
504 3588 609 3678 potuit
630 3589 771 3657 rclcrarc
797 3589 1008 3678 procuravit;
1032 3610 1094 3679 pro
1114 3611 1183 3680 qua
1198 3589 1322 3681 lapidea

256 3707 448 3774 relevatione
468 3705 631 3795 praedictis
656 3706 806 3774 lathomis
822 3718 984 3798 mercatus
1004 3716 1064 3791 est,
1086 3717 1123 3789 et⁴
1141 3706 1210 3777 illic
1227 3707 1322 3777 unico

255 3844 341 3890 anno
357 3822 479 3912 operati
497 3832 583 3890 sunt.
597 3821 825 3908 Consimiliter,
841 3844 901 3913 pro
913 3822 1008 3892 dictae
1021 3822 1170 3914 corporis
1185 3835 1219 3893 et
1234 3822 1321 3895 chori

284 3992 317 4056 (1)
331 3991 382 4043 Ces
396 3995 466 4043 mots
481 4005 514 4043 en
530 3990 655 4056 italiques
669 4005 704 4042 ne
719 3993 781 4043 sont
793 4004 843 4058 pas
857 3991 926 4044 dans
939 3991 966 4044 lo
980 3992 1057 4058 copto
1070 3991 1106 4045 de
1118 3990 1229 4046 Beluae.
