2708 4854
673 414 875 509 qm·

241 578 346 648 tiones
364 579 442 668 quia
458 578 651 647 miraculum
672 577 734 647 suit
752 577 891 647 maxime
911 576 1133 647 manifestum.
1157 577 1313 659 Quadam

241 694 348 783 puella
359 693 399 762 du
415 693 522 763 Currdr'
533 715 632 784 super
646 693 852 784 Squalidum!
866 692 960 783 juxta
975 694 1174 779 Turnacum,
1193 694 1314 786 hydro·

241 811 326 902 pica,
344 832 419 900 qum
437 831 500 879 non
515 811 704 879 comedebat
718 831 777 878 aar
793 809 987 895 dormiebat,
1001 821 1116 879 sauata
1130 821 1191 880 est.
1208 798 1314 881 'uoue-

239 926 579 996 sridusAmbianensis
591 925 763 1017 episcopus
778 925 942 995 nutriebat
955 947 1055 995 uuam
1067 926 1312 1018 pauperrimam

241 1044 410 1113 mulierem
429 1055 625 1112 contractam
643 1043 684 1112 de
704 1044 804 1112 latere
826 1043 950 1129 dextro,
973 1054 1006 1113 et
1020 1044 1162 1114 habebat
1179 1066 1314 1113 manum

240 1182 405 1242 treusam3
426 1159 489 1228 ruit
511 1181 602 1228 sana.
622 1160 775 1241 Quadam
794 1161 913 1229 mulier
931 1181 1046 1229 carens
1071 1159 1157 1246 risu,
1180 1161 1316 1231 darilla

239 1278 438 1360 statuimur,
458 1268 579 1367 recepit
595 1275 710 1345 risum.
730 1277 801 1345 Duo
817 1275 952 1366 juvenes
969 1277 1136 1367 peregrini
1156 1290 1316 1348 venerunt

240 1395 273 1462 iu
286 1395 375 1462 hunc
388 1394 496 1462 lucum
511 1393 645 1477 devota3
664 1405 696 1463 et
709 1414 793 1462 unus
808 1393 885 1462 seuit
897 1393 1115 1491 oblationem
1133 1395 1310 1480 secundus,

241 1512 376 1579 credens
391 1509 437 1579 sic
450 1511 568 1588 facere,
580 1509 697 1579 cecidit
708 1511 874 1595 deorsum,
889 1532 989 1601 super
1000 1532 1066 1600 quo
1079 1532 1196 1581 omnes
1211 1511 1314 1580 abmi-

240 1629 396 1696 rahautur
423 1638 455 1695 ut
483 1628 749 1711 murmurabant,
783 1649 843 1696 uer
872 1627 1310 1718 poterat'appropinquare.

240 1746 323 1835 Ipse,
340 1744 530 1835 paenitentia
547 1754 665 1827 mutus,
683 1744 850 1813 consessus
870 1754 919 1813 est
934 1754 1066 1834 peccata
1084 1766 1158 1830 sua,
1176 1755 1209 1814 et
1229 1744 1314 1814 intur

240 1873 356 1929 aratura
372 1861 470 1950 qum⁸2
491 1870 614 1928 eruerat
634 1860 811 1951 clamydem
828 1882 928 1950 quam
946 1860 1098 1950 portabat
1113 1859 1247 1929 cuidam
1267 1861 1313 1929 la·

240 1978 336 2046 troni.
354 1979 467 2046 Amata
482 1977 638 2066 clamyde,
649 1975 820 2045 exauditus
833 1987 881 2045 est
896 1987 928 2045 et
941 1975 1032 2045 dedit
1043 1975 1181 2066 pacisme
1193 1998 1314 2045 munus

239 2115 347 2160 suum.
373 2093 526 2172 Quadam
539 2092 714 2181 juvencula
728 2091 768 2161 du
790 2092 921 2161 Britulio
941 2091 1144 2161 Belrareusis
1163 2092 1314 2162 diocaesis

240 2219 309 2283 urat
328 2206 448 2289 surda3
473 2207 596 2297 recepit
614 2206 775 2275 auditum.
795 2207 885 2275 Unus
906 2205 1063 2294 gibbosus
1080 2216 1113 2275 et
1128 2217 1313 2276 strumosus

240 2323 280 2391 du
295 2323 396 2392 Suum
413 2344 451 2391 ert
465 2323 620 2391 Amirmir
636 2324 740 2392 sactus
753 2334 800 2391 est
813 2324 962 2391 eremus³
979 2332 1012 2391 et
1025 2343 1138 2391 sanus.

758 2629 794 2684 111

238 2828 369 2886 anscher-
382 2829 496 2885 ubtiunt
511 2829 546 2885 de
561 2828 777 2886 Louis-le-Gros
792 2842 851 2884 une
866 2827 1021 2884 extensiun
1038 2825 1074 2883 de
1089 2816 1183 2884 druits
1198 2814 1271 2883 daus
1282 2824 1307 2880 la

272 2927 340 2983 villu
359 2927 394 2983 de
412 2928 636 2999 Saint-Riquier.
651 2959 684 2966 -
705 2927 727 2982 ll
741 2927 816 2982 lutte
830 2942 905 2999 pour
918 2936 1078 2982 conserver
1094 2942 1144 2983 ces
1157 2924 1304 2999 privileges

272 3027 413 3099 disputas,
428 3031 456 3082 et
470 3025 630 3098 l'empurte.
641 3056 676 3065 —
687 3027 728 3080 En
744 3024 815 3096 quui
829 3024 1025 3080 consistaient
1038 3040 1088 3081 ces
1101 3008 1263 3097 privilegus.
1272 3051 1302 3061 -

272 3125 405 3180 Ansaher
424 3123 475 3179 fait
494 3123 602 3180 rubttir
620 3124 663 3179 les
679 3122 785 3195 aglisus
806 3123 841 3177 de
858 3121 1057 3179 sainte-Maria
1072 3122 1144 3179 hors
1157 3120 1200 3177 lus
1214 3134 1297 3187 murs,

273 3223 307 3278 du
332 3223 530 3279 saint-Benoit
553 3238 604 3277 sur
626 3223 668 3278 les
693 3237 777 3276 murs
803 3226 831 3276 ut
855 3221 890 3277 du
911 3220 1133 3277 saint-Nicolas.
1149 3250 1183 3260 -
1205 3220 1299 3275 Pruuts

273 3327 373 3378 cantra
388 3320 517 3392 l'e'vtquu
528 3319 688 3376 d'Amiens.
698 3351 732 3359 —
744 3320 876 3375 Ansuhur
890 3322 989 3392 rtpare
1003 3318 1047 3375 les
1059 3333 1143 3379 murs
1158 3316 1193 3374 de
1205 3313 1302 3372 larillu

272 3425 301 3475 et
313 3419 365 3475 tait
380 3418 578 3475 reconstruirr
593 3418 741 3491 plusieurs
758 3424 848 3475 tuurs.
860 3449 895 3457 -
907 3416 1045 3474 Iucundiu
1057 3416 1093 3473 de
1107 3416 1137 3473 la
1149 3414 1215 3473 ville
1227 3417 1253 3470 et
1266 3410 1303 3467 de

271 3515 398 3590 l'abbaye
421 3532 473 3589 par
494 3517 612 3587 Hugues
635 3515 859 3588 Campdavaine.
885 3545 920 3554 -
943 3516 1025 3570 Perta
1050 3513 1103 3571 des
1124 3513 1248 3570 Chattos.
1265 3538 1306 3557 ν-

270 3619 402 3675 Anscher
414 3621 533 3673 meante
550 3633 598 3673 ces
613 3619 802 3672 tvturmants
818 3632 856 3671 au
873 3614 988 3672 concile
1003 3614 1039 3671 de
1053 3614 1154 3673 Reims
1172 3617 1239 3670 tenu
1250 3624 1307 3683 par

266 3805 300 3869 (1)
317 3805 391 3856 Pour
404 3802 534 3856 Scaldim.

266 3894 300 3957 (ἲ)
317 3890 393 3956 Quod
408 3892 476 3944 daus
492 3893 518 3943 la
532 3891 607 3958 copie
622 3891 655 3943 de
671 3890 740 3942 Dum
755 3889 878 3942 Grenier.

268 3982 302 4046 (3)
317 3983 359 4036 Ou
374 3983 475 4034 rectus.
