2708 4854
702 406 884 477 -ro-

258 569 540 658 congregationem
556 569 695 637 fratrum
708 569 840 638 intravit
852 571 881 653 ¹;
904 580 935 637 ct
948 569 982 636 in
998 569 1060 638 hoc
1076 569 1226 639 coenobio
1243 572 1322 639 mul·

258 698 327 754 lum
348 686 561 755 honoralusa
582 685 752 773 religiosis,
773 686 817 754 lle
831 684 924 774 cujus
944 685 1007 754 rita
1023 685 1147 777 prolixe
1167 687 1321 756 sanclain

259 803 320 871 hoc
346 803 484 872 articulo
509 803 593 870 ullra
621 802 995 907 non-determinabitur,
1025 824 1123 872 causa
1145 802 1318 888 brevitatis,

255 921 343 1011 quod
369 920 492 989 scilicet
518 919 655 988 inveniri
682 929 787 1009 polest
811 919 844 987 in
872 918 1007 988 Cronica
1034 920 1202 1009 gallicanis
1220 921 1319 989 verbis

258 1036 356 1118 edila,
378 1036 455 1104 lolio
471 1034 541 1119 330,
556 1033 626 1120 340,
646 1046 678 1103 el
695 1035 727 1102 in
746 1036 880 1122 legenda
897 1034 999 1124 ipsius
1014 1034 1130 1120 sancti,
1151 1057 1189 1104 ac
1204 1037 1244 1104 dc
1260 1035 1318 1104 vila

256 1152 358 1221 sancti
376 1152 537 1240 vulganii,
560 1153 601 1220 de
621 1152 827 1220 inuentionne
845 1152 1015 1220 bealorum
1035 1151 1198 1238 Fussiani,
1216 1151 1318 1222 lliclo-

254 1268 313 1336 rici
331 1279 363 1336 el
378 1268 525 1337 Gentiani
541 1290 599 1358 per
615 1268 798 1358 Lupianum
816 1269 1050 1359 praesbyterum
1067 1268 1163 1339 facia.

301 1385 444 1453 Ecclesia
468 1385 555 1454 beati
582 1386 708 1454 Vedasli
735 1386 953 1459 atrebatensis
982 1385 1044 1455 luil
1072 1386 1209 1456 fundata
1236 1408 1316 1457 anno

253 1500 345 1587 6800,
376 1513 520 1592 tempore
545 1501 693 1586 Ebroini‚
716 1501 847 1570 maioris
867 1501 977 1592 palatii
1004 1503 1084 1592 regii
1112 1503 1312 1588 Parisieusis‚

252 1621 344 1710 prius
371 1620 534 1704 monachi,
563 1621 698 1688 Therico
728 1640 802 1708 rege
830 1621 1030 1690 Francorum
1060 1632 1228 1711 regnante.
1258 1623 1314 1691 lsle

254 1740 415 1808 Ehroinus
446 1740 538 1807 duxit
565 1740 605 1807 ad
636 1740 825 1830 martyrium
855 1751 1003 1808 sanctum
1029 1742 1313 1831 Lcedogariumcl

251 1855 407 1923 Garinum
425 1855 495 1945 ejus
521 1857 678 1938 lralrem;
705 1866 735 1924 el
757 1856 930 1925 simililer²
948 1857 1110 1928 Ebroinus
1130 1859 1310 1930 inlerfeclus

250 1983 298 2041 est
316 1994 375 2068 per
390 1972 653 2041 Hermenlridum
671 1972 817 2041 militem.

296 2087 453 2156 Charolus
466 2108 603 2175 magnus
616 2088 676 2155 luil
693 2087 780 2155 filius
794 2087 900 2177 Pipini
918 2088 1003 2176 regis
1020 2099 1052 2158 el
1067 2091 1168 2181 coepil
1183 2082 1307 2180 regnare

251 2224 335 2274 anno
360 2203 489 2271 Domini
512 2202 591 2272 7690
605 2214 635 2271 el
653 2202 796 2290 regnavit
816 2202 858 2270 lu
878 2203 985 2273 annis.
1008 2205 1048 2273 El
1066 2216 1145 2275 lunc
1165 2205 1306 2298 [emporis

252 2321 415 2410 Turpinus
431 2331 500 2388 erat
511 2321 774 2411 archiepiscopus
790 2321 993 2407 libanensis,
1009 2323 1066 2412 qui
1079 2335 1236 2393 staturam
1249 2337 1306 2392 cor·

250 2435 339 2525 poris
356 2447 387 2503 el
403 2447 492 2522 gesla
510 2435 587 2503 dicli
604 2434 731 2502 Charoli
751 2435 859 2522 magni
875 2435 1063 2526 descripsil,·
1079 2437 1164 2537 sicul
1180 2449 1264 2531 patcl
1275 2437 1304 2525 in

252 2551 380 2620 cronica
393 2552 539 2642 papireu,
561 2552 639 2620 folio
655 2551 710 2637 32,
725 2551 860 2641 prolixe,
879 2562 910 2621 el
928 2565 965 2622 ut
980 2554 1108 2624 facilius
1124 2556 1303 2647 venirepos.

249 2668 351 2737 simus
370 2668 410 2735 ad
426 2669 559 2737 saelum.
857 2650 872 2673 ⁶

774 3135 784 3188 l

250 3317 331 3371 Saum
354 3318 518 3383 Aucrnsnar,
542 3319 571 3368 7⁰
593 3313 675 3386 abbe,
696 3315 758 3367 754.
778 3345 812 3352 —
830 3313 881 3367 Ses
899 3313 1023 3384 qualites
1040 3317 1069 3370 ct
1088 3314 1223 3387 dignitcs.
1237 3341 1267 3354 -
1279 3303 1298 3362 ll

280 3417 388 3486 epouse
410 3415 502 3481 Reme,
523 3411 551 3466 ln
570 3411 695 3477 seconde
716 3410 772 3465 fille
791 3411 825 3465 de
844 3410 1062 3483 Charlemugne.
1083 3444 1118 3453 -
1138 3414 1188 3470 Sus
1205 3413 1256 3468 flls.
1270 3432 1297 3448 α

280 3513 301 3566 ll
320 3528 350 3566 se
366 3509 417 3565 sait
436 3511 574 3581 religieux
594 3509 850 3580 ¹‹lSuinl-Riquier,
871 3514 899 3564 et
919 3527 950 3564 sn
970 3509 1077 3568 lemme
1097 3512 1247 3584 religicuse
1266 3519 1297 3562 uu

280 3588 376 3665 meme
389 3609 457 3664 lieu.
474 3642 508 3650 -
524 3610 546 3664 ll
558 3609 681 3665 succede
694 3610 711 3662 cl
724 3608 920 3681 Simphoricn.
934 3641 969 3650 -
984 3610 1122 3667 Riehcsse
1134 3611 1169 3667 de
1183 3609 1298 3680 l'abbaye

271 3799 307 3862 (l)
325 3799 362 3849 La
376 3799 454 3863 copie
470 3798 503 3848 dc
518 3797 586 3848 Dom
601 3796 715 3848 Grenier
731 3797 839 3846 donne:
859 3796 975 3849 inlruuil
995 3796 1230 3879 concrepuit'onem
1242 3793 1298 3862 sru-

240 3891 315 3940 lrum
332 3890 414 3954 liujus
429 3888 552 3952 ecclesie,
567 3891 590 3939 el
605 3887 716 3950 ibidem,
730 3892 781 3939 etc.

268 3978 304 4042 (2)
322 3977 455 4031 Fiuolc‘ler
469 3978 538 4030 dans
553 3977 579 4029 lo
594 3978 670 4043 copie
684 3977 718 4028 de
733 3977 802 4028 Dom
817 3977 940 4030 Grenier.
