2708 4854
665 400 887 507 ¹-no-

255 564 332 631 tates
357 562 479 630 inimici
502 583 567 629 non
592 573 695 630 essent
727 560 862 630 secundi
887 560 1079 629 fundatores
1108 570 1176 629 tum
1205 558 1325 627 nobilis

254 679 409 763 eeclesia,
424 691 456 747 et
469 678 569 767 quod,
587 678 751 746 bassino
770 679 908 761 favente,
922 674 1229 771 absquo-adjutorio
1243 674 1325 765 ipso

255 794 561 878 rnm‚roedis1earot
586 804 617 861 et
640 805 837 862 restauraret
864 793 898 861 in
924 792 1063 880 gradum
1085 791 1265 882 pristinum
1288 814 1324 860 es

254 912 347 980 bonis
364 921 395 979 et
416 911 595 979 redditibus
615 911 743 1000 patroni
762 910 863 979 nostri
881 909 983 979 saneti
1000 909 1146 979 Risharii
1161 921 1194 979 et
1207 931 1274 978 non
1287 931 1323 977 ex

254 1028 378 1097 alienis.
394 1028 433 1095 Et
449 1026 568 1096 ibidem
583 1029 771 1097 conclusum
789 1038 838 1097 est
853 1027 940 1118 quod
955 1026 1061 1095 dictus
1081 1014 1325 1117 Gampdoonine

255 1145 406 1213 fundaret
433 1166 529 1212 unam
558 1145 727 1213 eeclesiam
748 1118 963 1213 (iistieiensis¹
986 1142 1112 1213 ordinis
1141 1143 1176 1211 in
1194 1143 1324 1212 bonore

255 1264 356 1331 beato
381 1262 489 1330 atat-ta
516 1261 660 1350 uirginis,
687 1284 760 1351 quae
782 1261 824 1330 ob
845 1260 876 1328 id
897 1261 1064 1330 nominata
1088 1270 1138 1329 est
1162 1261 1204 1328 de
1232 1259 1324 1328 Caro

256 1401 382 1469 eampo,
408 1389 439 1446 et
460 1378 533 1446 lieet
551 1378 692 1465 religiosi
718 1377 816 1467 bajus
841 1376 1028 1447 monasterii
1046 1398 1138 1447 nune
1156 1376 1269 1445 dicant
1284 1376 1323 1443 de

258 1496 437 1584 Cerprunap,
459 1494 499 1563 de
520 1494 740 1585 Cerrioampo,
761 1495 823 1564 boo
838 1494 963 1563 iaciunt
983 1493 1024 1561 ad
1044 1514 1162 1562 eorum
1182 1494 1322 1563 uolunta·

257 1623 333 1694 tem,
354 1611 430 1701 qnia
448 1610 559 1678 dolent
582 1610 689 1679 dicere
717 1611 758 1679 de
782 1610 992 1700 Caroeampo.
1024 1609 1064 1677 Et
1092 1608 1156 1678 isto
1179 1619 1320 1698 tempore

257 1730 412 1817 regnabat
424 1729 648 1797 adbuodictus
663 1729 844 1798 Ludovicus
863 1729 1000 1797 Grossus
1017 1748 1085 1812 rex,
1106 1726 1165 1817 qni
1185 1726 1319 1794 habebat

257 1868 359 1913 uniam
378 1846 480 1914 titium
501 1846 703 1913 nominatum
729 1845 827 1914 etiam
846 1844 1044 1913 Ludovioum
1068 1865 1168 1934 quem
1187 1841 1316 1912 sacrarit

256 1962 362 2030 dietus
383 1962 589 2031 Innocentius
608 1984 693 2052 papa
709 1962 743 2030 in
762 1961 897 2031 ecclesia
918 1959 1107 2046 Rhemeusi‚
1127 1960 1169 2029 ad
1190 1979 1313 2049 reques-

258 2090 323 2146 tam
346 2079 396 2148 sui
412 2079 524 2169 patris.

304 2222 364 2289 iste
390 2222 556 2289 Ancberus
586 2221 783 2290 reedificavit
811 2242 905 2311 posse
935 2241 995 2289 suo
1024 2220 1109 2289 hanc
1140 2218 1304 2299 ecelesiam,

258 2338 442 2427 sumptibus
464 2349 493 2406 et
516 2339 663 2427 expensis
687 2338 785 2427 hujus
804 2337 947 2406 ecciesiae
964 2348 996 2406 et
1011 2336 1062 2405 sui
1080 2336 1183 2427 patris
1198 2330 1304 2404 domini

258 2454 297 2522 de
315 2454 493 2539 Firmitate,
514 2454 620 2522 divitis
641 2466 672 2522 et
688 2455 797 2543 magni
817 2453 1045 2544 possessoris2.
1070 2452 1111 2523 Et
1126 2448 1231 2541 tegere
1245 2448 1303 2541 feeit

258 2579 378 2636 tectum
391 2568 522 2658 plombo
536 2569 650 2636 metius
664 2590 763 2657 quam
777 2568 892 2657 potuit.
912 2566 1120 2636 Reedibcavit
1133 2560 1299 2645 claustrum,

258 2695 289 2752 et
305 2683 402 2774 eupit
419 2683 581 2752 aedificare
603 2685 704 2752 muita
719 2704 837 2772 magna
857 2682 995 2752 aedificia
1014 2682 1144 2774 lapidea
1159 2703 1228 2773 quae
1242 2692 1300 2749 oon

291 2958 325 3021 (l)
340 2956 523 3011 Cisteret'ensis
537 2960 605 3010 utens
619 2960 645 3010 lu
660 2960 736 3026 copie
751 2961 784 3011 do
799 2960 866 3011 Dom
881 2960 995 3010 Grenior
1008 2974 1114 3013 comme
1128 2958 1154 3012 J.
1169 2960 1200 3013 de
1213 2958 1237 3009 lu
1247 2952 1306 3017 Che,

260 3047 330 3114 petto
344 3062 360 3099 e
374 3049 409 3098 dd
426 3049 538 3100 l'ecrire.
549 3049 705 3115 deprendunt
719 3064 788 3102 nous
797 3064 881 3102 avons
891 3064 927 3102 vu
940 3054 999 3101 tout
1008 3048 1242 3116 simplementptus
1251 3042 1301 3095 betti
1353 3122 1354 3135 χ

260 3134 401 3190 Cistiensr's.

291 3242 326 3304 t‘t)
341 3241 408 3292 Dom
424 3242 606 3305 cotronense
618 3257 655 3294 un
669 3243 752 3309 esprit
761 3244 794 3296 de
805 3244 920 3310 critique
930 3245 978 3310 qni
987 3244 1125 3310 temoigue
1134 3258 1168 3297 en
1180 3256 1209 3297 so
1218 3242 1300 3293 ravenn
1353 3227 1354 3240 ¹

259 3338 380 3384 conteste
403 3339 472 3384 cette
496 3334 657 3398 generositd.
681 3335 815 3386 Chronico
837 3335 1005 3396 abbreviato,
1028 3335 1112 3398 dit-it,
1135 3335 1214 3387 retent
1231 3331 1300 3395 ipsum

259 3423 394 3485 ubbatem,
409 3429 467 3475 tum
483 3437 513 3474 ex
528 3424 608 3475 bonis
622 3430 649 3475 et
663 3425 838 3490 proventibus
854 3423 1022 3488 monasterii,
1034 3427 1093 3475 tum
1102 3438 1136 3476 ex
1146 3418 1259 3489 expensis
1268 3405 1302 3463 sui

257 3514 342 3578 petris
356 3514 457 3564 domini
473 3515 506 3564 de
521 3514 647 3577 dentato,
663 3515 754 3566 divitis
769 3519 796 3565 et
810 3515 900 3579 magni
914 3514 1087 3581 possessoris,
1104 3503 1302 3569 trauesoetesiom
1353 3507 1354 3521 ¹

259 3605 439 3666 instaurasse3
457 3618 549 3654 verum
566 3605 616 3655 hoe
632 3610 702 3656 stare
716 3618 771 3656 non
786 3608 882 3671 potest,
894 3604 1028 3669 siquidem
1040 3609 1118 3670 pater
1129 3605 1189 3669 ejus
1200 3593 1302 3668 prunoet

257 3692 356 3743 abbino
371 3693 449 3743 annis
461 3694 516 3757 jam
532 3693 644 3751 abierat,
661 3695 714 3744 imo
730 3700 756 3744 et
770 3695 854 3744 trater
867 3695 927 3758 ejus
941 3693 1041 3745 unious
1055 3693 1166 3745 nomine
1182 3686 1301 3769 Rubentb

258 3786 289 3832 ut
302 3781 405 3847 liquido
425 3787 532 3834 constat
551 3783 584 3834 od
604 3797 706 3834 ennnm
730 3783 796 3846 trab,
817 3783 922 3848 solique
940 3788 1053 3848 nepotes
1070 3782 1223 3848 supererant
1238 3774 1302 3833 titt¹¹⁰

258 3873 324 3922 adeo
340 3887 371 3922 ex
386 3872 451 3923 sotis
461 3872 583 3924 ecelesiae
593 3873 746 3939 sumptibus
757 3872 951 3923 monesterium
966 3872 1017 3924 boo
1032 3871 1060 3923 in
1075 3870 1210 3937 moliorem
1221 3862 1302 3918 sitium

260 3964 386 4015 restitnit.
