2708 4854
665 325 843 393 ,44-

221 489 420 557 autenticum
444 489 531 578 quod
554 491 641 557 nunc
661 498 710 558 est
734 488 766 557 in
791 510 867 557 area
895 499 1085 572 convenius,
1113 499 1152 559 ut
1179 511 1292 559 omnes

223 605 315 674 nobis
339 605 486 674 associati
512 628 571 696 pro
594 606 704 674 anima
725 606 795 696 ejus
817 606 1001 676 orationum
1025 606 1183 695 suffragia
1203 607 1292 697 apud

223 723 395 790 Dominum
413 722 646 813 impetrarent-3
665 734 696 792 ei
713 725 784 792 haee
803 724 864 792 fuir
878 724 984 813 prima
998 723 1177 815 descriptio
1194 723 1291 792 rotuli

224 838 321 928 hujus
340 839 490 907 eoenobii.

723 1064 791 1131 xlv

224 1271 360 1338 Herem),
374 1267 491 1324 d'ahord
507 1274 602 1325 comte
618 1269 653 1324 de
667 1270 811 1325 Penthieu
827 1274 856 1325 et
869 1270 904 1327 de
918 1269 1085 1340 Montreuil‚
1098 1269 1187 1327 fonde
1199 1270 1295 1327 Saint-

260 1366 389 1420 Saureur
402 1367 418 1420 i
432 1365 595 1421 Monireuil.
607 1397 641 1405 -—
655 1365 677 1420 ll
692 1371 736 1421 est
750 1365 797 1421 elu
815 1369 859 1422 14ο
874 1366 946 1421 ebbe
961 1366 997 1421 de
1013 1366 1248 1438 Saint-Riquier.
1262 1399 1296 1407 —

259 1463 281 1517 ll
295 1463 392 1518 donne
408 1463 434 1517 le
450 1466 546 1519 comte
560 1463 595 1518 de
611 1464 756 1519 ponthieu
769 1469 797 1519 et
811 1464 847 1519 de
858 1463 1013 1520 Montreuil
1025 1465 1043 1518 ὲ
1057 1480 1112 1519 son
1125 1464 1295 1536 fllsunique

258 1561 369 1617 llelrin.
384 1593 418 1601 -
434 1561 456 1616 ll
474 1561 567 1617 uiiene
587 1561 786 1618 liolleneourt.
808 1593 841 1602 -
858 1561 997 1634 L'ebbaye
1011 1561 1082 1634 perd
1099 1561 1127 1616 le
1147 1565 1247 1619 comte
1261 1563 1296 1618 de

260 1659 403 1714 l'onlhieu
423 1659 474 1730 qui
493 1658 536 1713 lui
556 1660 736 1732 appartenaii
748 1676 800 1733 per
814 1660 891 1715 droit
905 1658 1036 1732 paternel
1051 1660 1068 1713 ri
1082 1675 1174 1715 cause
1189 1660 1225 1716 de
1241 1677 1296 1716 son

258 1757 456 1812 bienheureux
467 1762 582 1830 patron.
595 1789 629 1797 —
640 1757 767 1828 Helgaud
783 1757 887 1813 defend
902 1758 928 1813 le
943 1757 1088 1818 Penthieu
1105 1762 1134 1812 et
1147 1757 1175 1813 le
1191 1759 1296 1815 Vimeu

259 1858 298 1909 oil
313 1855 420 1909 e'leieni
437 1871 494 1925 peu
514 1854 548 1908 de
563 1855 703 1909 eheieeux
717 1858 746 1908 et
759 1853 795 1909 de
811 1854 929 1926 villages
945 1852 1075 1909 sortifies.
1090 1885 1125 1893 -
1145 1855 1298 1926 Pourquoi

259 1951 385 2024 l'abheye
399 1968 518 2006 nomme
535 1952 586 2007 des
598 1952 686 2007 abbis
701 1952 814 2008 nobles,

268 2140 358 2228 (Voir
379 2140 536 2225 llariulie
557 2141 635 2210 livre
652 2142 827 2227 troisierne,
845 2141 990 2232 chapitre
1007 2143 1045 2209 X.
1061 2180 1103 2192 --
1120 2143 1167 2211 La
1184 2143 1300 2213 Gallie

225 2258 416 2327 Christiana
435 2280 565 2338 nomme
587 2271 636 2327 cet
655 2260 736 2328 abbe
752 2260 982 2349 Helipaeeus.)

267 2420 474 2505 firmemus,
489 2418 594 2511 primii
614 2441 721 2488 comes
740 2419 865 2488 Poniivi
881 2430 912 2488 et
926 2419 1137 2505 Monsterioli,
1156 2420 1256 2490 aliter
1270 2422 1300 2490 le

222 2545 308 2605 conte
326 2537 457 2624 Heipoe,
475 2546 629 2604 uxoratus
645 2546 676 2604 ei
697 2535 861 2604 saecularis
882 2535 1046 2625 princeps,
1070 2546 1246 2625 reparator
1267 2549 1300 2606 ei

223 2675 282 2744 pro
302 2674 423 2740 magna,
435 2665 525 2743 parre
544 2654 695 2722 fundator
713 2652 819 2722 Sancti
837 2651 920 2721 Salvi
938 2652 972 2719 in
993 2651 1205 2737 Monslerol'0‚
1229 2653 1296 2722 fuir

223 2771 322 2838 abbas
346 2771 465 2838 eiectus
486 2770 584 2859 hujus
597 2771 747 2839 'coenohii
765 2770 839 2838 44⁰¹.
866 2769 1012 2837 Habebat
1033 2768 1170 2837 unicum
1188 2769 1297 2838 filium

223 2887 402 2975 legitimum
434 2888 563 2955 nomine
599 2887 794 2968 Heluinnrn,
831 2896 878 2970 et,
910 2907 1009 2953 uxore
1045 2884 1117 2974 ejus
1149 2897 1296 2972 mortua,

223 3002 334 3070 statuit
352 3024 426 3070 eum
448 3002 597 3071 comitem
619 3002 742 3071 Poniivi
760 3013 791 3071 et
809 3001 1006 3086 Monsieroli,
1026 3012 1058 3069 et
1077 3023 1137 3092 per
1156 3003 1297 3071 modum

136 3136 145 3149 ·
223 3117 441 3186 advocationis
460 3118 548 3186 dedii
563 3118 692 3187 cuidam
712 3117 805 3185 militi
823 3117 931 3185 villam
950 3127 1096 3185 nostram
1112 3116 1153 3185 de
1172 3116 1298 3186 Relen·

223 3247 336 3314 cour13
361 3246 450 3303 etex
471 3235 524 3302 ilia
544 3236 623 3303 hera
642 3234 845 3325 perdidimus
866 3233 1056 3302 comitatum
1077 3231 1204 3301 Pontivi
1217 3232 1298 3322 jure

221 3361 356 3440 paterne
375 3351 588 3440 pertinentem
609 3349 796 3417 beatissime
818 3359 955 3439 patrono
977 3359 1101 3416 nostro.
1129 3347 1193 3417 lsie
1216 3348 1298 3418 Hel·

222 3468 347 3556 gaudus
365 3468 426 3535 fuir
446 3468 608 3535 deffensor
628 3467 726 3534 {otius
747 3466 870 3534 Pontivi
892 3476 923 3533 et
942 3463 1094 3549 Vimenti,
1113 3463 1147 3531 in
1171 3463 1297 3555 quibus

223 3594 314 3651 erant
333 3605 437 3674 pauca
460 3593 564 3650 casira
587 3592 618 3650 ei
639 3581 720 3650 vilre
739 3581 913 3662 muratae¹;
936 3590 967 3647 ei
988 3579 1061 3647 ideo
1078 3599 1209 3647 necesse
1229 3579 1298 3648 fuit

223 3700 316 3768 nobis
336 3699 454 3787 eligere
470 3699 601 3767 abbates
621 3718 794 3785 generosos
812 3706 843 3764 et
861 3696 943 3764 hene
964 3706 1068 3764 natos.

253 3894 288 3957 (1]
307 3892 415 3946 ilanile
430 3894 498 3945 dans
511 3892 539 3944 le
553 3893 630 3958 copie
644 3893 678 3944 de
694 3892 720 3943 le
735 3891 880 3943 collection
895 3891 962 3942 Dom
976 3890 1100 3943 Grenier.
