2708 4854
662 380 861 451 -tto-

228 544 308 637 priis
331 544 490 635 expensis,
518 543 670 614 omnibus
692 545 848 636 sperum¹
880 543 1022 615 fustibus
1042 555 1076 614 et
1096 542 1216 635 jaculis
1235 543 1286 612 im·

228 661 395 752 plendum,
420 660 526 749 regale
545 661 756 735 mandantem
779 659 931 747 obtinuit,
952 661 1041 751 qued
1064 659 1286 752 praenomiuati

229 778 328 847 abbas
348 787 379 846 et
396 788 570 847 conuentus
590 777 768 868 adimplere
788 776 1019 867 nequivissent.
1046 776 1109 857 Qui
1132 775 1237 845 dietus
1250 777 1288 845 bc

230 896 351 982 Resque
374 894 471 963 nullis
492 894 770 963 exhortationibus
793 915 854 962 nee
879 892 1170 978 admonitionibus,
1198 893 1285 963 etiam

230 1010 428 1101 quotidianis
446 1009 724 1099 requisitionibus,
744 1009 898 1079 roluntati
918 1009 1230 1100 prenominatorum
1242 1010 1289 1079 ab

231 1129 314 1198 batis
336 1140 369 1196 et
391 1138 565 1196 eenrentus
589 1126 795 1217 acquiescere
819 1126 931 1195 voluit.
957 1126 1165 1219 Quapropter
1188 1124 1289 1196 decuit

230 1246 378 1314 abbatem
403 1255 435 1313 et
458 1253 649 1312 conventum
673 1242 707 1310 in
731 1242 854 1311 dietum
876 1243 1044 1311 castellum
1063 1242 1232 1333 imponere
1246 1263 1290 1311 ar-

230 1360 382 1450 migeros.
399 1359 459 1441 Qui
473 1358 626 1448 deinceps
642 1358 683 1427 de
704 1358 807 1449 ipsius
828 1357 979 1427 mandato
1000 1359 1245 1449 appellaverunt
1260 1357 1290 1426 in

230 1474 445 1557 l’arlamente,
465 1483 497 1541 et
515 1493 553 1539 ea
569 1482 702 1563 propter
718 1482 784 1539 mni
806 1493 922 1561 magna
944 1492 1021 1561 erga
1038 1494 1074 1542 se
1093 1473 1195 1543 crevit
1209 1474 1288 1542 lero-

230 1591 310 1659 eitas
325 1588 413 1679 quud
424 1587 530 1656 dietus
542 1587 642 1656 abbas
653 1587 715 1656 luit
729 1598 859 1657 coaetus
871 1587 1023 1681 progredi
1039 1588 1210 1659 Ambianis
1220 1610 1290 1659 cum

232 1727 348 1795 magno
359 1704 597 1793 armigerorum
607 1704 942 1796 exereitu,queusque
955 1724 1064 1775 eomes
1072 1704 1291 1775 Carolensium

231 1823 324 1893 istius
337 1821 474 1912 primam
487 1820 723 1911 possessionem
736 1831 954 1911 recuperaret.
969 1822 1190 1902 Quamobrem
1202 1822 1291 1891 dietae

231 1938 374 2008 eeclesiae
386 1936 512 2005 infinita
527 1936 801 2006 etinmstimabilis
813 1937 1022 2029 luitperditio
1032 1949 1131 2029 atque
1143 1937 1290 2031 direptio.

232 2056 405 2142 Postquam
418 2074 493 2122 rere
509 2052 763 2143 praenominatus
775 2054 875 2122 abbas
884 2054 997 2123 Petrus
1014 2066 1158 2145 quatuor
1169 2075 1292 2125 menses

231 2169 385 2239 continuo
401 2190 475 2237 eum
493 2190 553 2237 sue
576 2169 718 2237 exercitu
736 2168 914 2253 Ambianis,
938 2168 972 2236 in
990 2169 1133 2261 bospitio
1152 2168 1292 2259 magistri

231 2286 357 2355 llartini
373 2286 547 2373 llluliuqre,
572 2285 715 2355 ecelesia
738 2285 914 2374 collegiatae
937 2297 1057 2356 nostrae
1077 2286 1224 2355 Dominae
1240 2308 1293 2356 ea·

231 2403 351 2488 neniei,
374 2412 609 2494 permanserat,
630 2424 820 2493 progressus
844 2413 904 2488 est,
930 2422 1016 2471 anuo
1040 2401 1171 2471 Domini
1195 2401 1291 2486 tlte,

232 2520 362 2588 Parisiis
377 2531 488 2588 centra
504 2518 626 2587 dictum
649 2520 691 2587 Le
709 2520 833 2608 Resque
857 2519 898 2588 de
917 2517 1012 2609 cnjus
1030 2519 1188 2590 mandato
1204 2529 1294 2589 antea

232 2620 458 2725 appellaverat,
482 2646 513 2703 et
536 2644 624 2702 tante
648 2632 758 2703 labore
785 2645 817 2702 et
839 2633 1007 2722 diligentia
1032 2632 1066 2702 in
1092 2634 1293 2705 l‘arlamento

232 2751 388 2841 processit
405 2751 492 2840 qued
511 2750 702 2841 praedictum
717 2751 906 2819 mandatum
925 2749 1046 2827 nullius
1062 2750 1184 2823 valoris.
1196 2751 1295 2821 luisse

231 2890 290 2958 per
307 2879 467 2937 arrestum
484 2867 635 2936 obtinuit.
660 2867 747 2936 lllice
766 2868 890 2937 dictum
911 2877 1073 2937 arrestum
1097 2866 1171 2937 sieri
1191 2867 1295 2959 requi·

232 2983 314 3052 sirit.
337 2984 407 3053 lloe
425 2985 522 3068 lacto,
545 2983 674 3052 Parisiis
696 2983 829 3052 recessit
852 2995 883 3053 et
908 2981 1107 3074 repatriavit,
1128 2995 1162 3054 et
1177 2983 1212 3053 in
1231 2984 1296 3053 tbe·

232 3100 378 3170 saurario
397 3100 490 3170 dictae
505 3099 647 3170 ecclesiae
663 3099 854 3169 interclusit

746 3343 780 3397 Vl

231 3504 332 3561 L'abbe
357 3505 450 3559 Pierre
474 3520 505 3559 se
530 3503 616 3558 retire
640 3519 677 3558 en
701 3505 779 3572 tlte,
803 3517 872 3558 avec
893 3502 953 3556 ld·¹²⁸
977 3498 1089 3573 d'lluxy
1112 3504 1143 3557 et
1163 3501 1224 3555 Μ’·
1247 3498 1298 3555 des

267 3602 433 3671 uuerdent
448 3601 695 3670 saint-Omer,ol1
711 3599 731 3654 il
743 3599 850 3655 soullre
865 3599 1058 3656 violemment
1071 3597 1122 3653 des
1137 3613 1255 3670 mneux
1269 3602 1298 3653 et

263 3766 296 3830 tl)
311 3765 348 3814 La
362 3762 438 3828 copie
452 3763 485 3815 de
501 3763 567 3814 [lom
583 3763 697 3814 Grenier
712 3776 745 3814 ne
759 3763 849 3814 donne
864 3774 912 3828 pas
926 3774 957 3812 ee
967 3762 1024 3811 mot
1034 3757 1298 3826 incomprehensible

231 3856 278 3922 qui
292 3861 333 3908 est
346 3857 528 3908 evidemment
541 3868 594 3906 une
608 3853 785 3906 abreviation.
801 3852 929 3905 Ii'entrait
941 3852 975 3905 de
989 3852 1102 3917 Bemmy
1117 3851 1210 3905 denne
1222 3863 1298 3919 sups-

231 3946 341 3997 rlorum
357 3946 400 4011 tlt,
