2708 4854
575 443 771 513 .-62-

149 608 260 692 archa,
279 606 406 697 aperuit
427 599 497 674 eam
518 608 617 692 etate,
640 618 672 676 et
691 607 770 676 uidit
786 607 941 677 visionem
963 630 1112 698 magnam
1131 609 1177 698 igr

149 724 286 792 lucentis
308 734 339 791 et
359 745 424 791 non
446 724 691 804 comburentis3
713 724 799 791 unde
819 723 934 792 habuit
952 725 1108 794 admirari
1128 737 1177 794 ets

150 840 300 909 revelarit
320 861 379 908 suo
399 840 518 930 hospiti
540 850 572 908 et
596 851 732 927 cognato
754 840 810 930 qui
831 840 861 909 ei
882 840 1158 931 declaravitquod

149 956 234 1024 dieto
251 956 349 1024 archa
365 955 516 1045 jacebant
535 956 680 1045 reliquiar
700 968 821 1025 sanetae
843 969 876 1024 et
895 956 1045 1048 pretiosae
1068 980 1175 1048 quass

149 1095 222 1140 oum
240 1072 416 1167 deserebat,
438 1084 470 1140 et
489 1094 543 1140 eas
560 1072 684 1141 uolebat
701 1073 805 1140 celare
821 1083 853 1141 et
864 1094 929 1142 non
946 1073 1043 1142 alicui
1060 1075 1177 1143 reuelm¹

148 1188 235 1278 quod
256 1188 405 1277 promisit
422 1188 528 1256 dictus
543 1188 727 1257 Bernurdus
745 1188 936 1279 adimplere.

191 1306 345 1385 Quaedam
362 1326 435 1373 uero
453 1305 581 1390 mulier,
599 1305 727 1372 taediata
740 1317 772 1373 et
787 1306 870 1374 sessa
885 1305 918 1373 in
933 1307 1070 1398 corpore
1081 1319 1177 1398 propt

149 1444 300 1510 magnam
318 1424 326 1469 ¹
349 1422 584 1508 longitudinem
600 1422 659 1489 uiae
676 1433 708 1490 et
728 1422 866 1506 itineris,
885 1424 1033 1513 pervenit
1052 1425 1093 1493 od
1111 1428 1176 1493 ecel

149 1539 230 1606 siam
241 1538 348 1607 Sancti
363 1538 519 1623 Richarii,
531 1560 627 1606 eausa
640 1538 911 1629 peregrinationis
922 1551 956 1609 et
967 1539 1177 1625 deuotionis<

148 1657 335 1743 ignoranter
351 1666 386 1722 ut
398 1655 580 1745 quiesceret
596 1678 614 1723 a
633 1656 754 1741 labore,
777 1677 811 1725 se
830 1654 968 1748 projecit
986 1678 1086 1747 super
1101 1669 1177 1748 pecu

148 1795 244 1840 suum
265 1795 363 1862 super
383 1773 512 1840 arebam
536 1772 613 1840 dieti
636 1772 791 1856 Bernardi
810 1772 999 1842 existentem
1016 1773 1050 1840 in
1072 1774 1177 1865 quoda

148 1900 230 1957 tetro
251 1900 282 1958 et
302 1889 394 1976 nigro
419 1889 539 1976 angulo
563 1889 657 1956 dietae
677 1888 844 1973 eeclesiae;
868 1889 962 1979 cujus
981 1890 1141 1976 mulieris,
1158 1914 1175 1958 r

146 2008 269 2074 luntate
285 2006 405 2089 diuina,
428 2018 528 2073 uestes
545 2018 577 2073 et
588 2006 778 2075 vestimenta
796 2019 967 2096 coeperunt
985 2007 1061 2094 igne
1082 2029 1177 2077 coner

149 2123 242 2190 mari.
258 2121 335 2201 Quae
348 2122 411 2189 alta
425 2143 500 2189 roeo
510 2122 615 2211 palam
629 2121 797 2211 etpublioe
810 2122 1000 2191 exclamauit
1012 2145 1088 2193 uoce
1099 2145 1177 2212 magt

148 2238 312 2307 narrando
332 2250 481 2305 euentum
504 2237 562 2306 rei.
585 2237 633 2304 Ad
653 2259 751 2326 quem
773 2238 948 2307 clamorem
974 2240 1159 2328 supervenit

147 2354 282 2429 necessit
293 2354 400 2422 dietus
412 2354 600 2442 ingelardus
614 2355 712 2423 abbas
724 2377 797 2424 eum
810 2355 878 2425 suis
896 2357 1066 2443 fratribus,
1086 2369 1129 2442 et,
1145 2381 1177 2447 qt

148 2471 209 2538 bus
223 2470 355 2554 auditis,
368 2470 533 2560 inquisivit
546 2470 718 2558 diiigenter
732 2471 826 2560 eujus
841 2484 924 2541 esset
935 2473 1033 2541 aruba
1046 2473 1177 2565 praedict

147 2600 178 2655 et
201 2588 365 2659 mandauit
385 2588 556 2677 praefatum
578 2588 780 2656 Bornurdum
798 2589 860 2677 jqui
878 2589 940 2657 sibi
965 2590 1107 2659 narrarit
1126 2612 1166 2680 qu

147 2704 269 2773 viderat
285 2703 377 2793 prius
401 2714 432 2770 et
454 2705 541 2793 quod
563 2704 738 2773 interclusa
764 2705 969 2795 pertinebant
998 2701 1126 2776 cuidam
1153 2728 1169 2774 s

147 2832 282 2907 cognato
308 2821 439 2888 nomine
464 2820 651 2889 unician0‘2
675 2832 706 2889 et
731 2843 767 2889 ea
796 2821 978 2909 ignorabat.
1006 2823 1046 2892 Et
1069 2823 1132 2891 ittis
1153 2844 1177 2890 a

148 2936 235 3020 ditis,
250 2937 404 3026 praesatus
421 2937 520 3005 abbas
532 2936 696 3004 mandavit
711 2937 834 3005 dietum
849 2937 1044 3005 Anicianum
1061 2937 1177 3006 clerieo*

148 3052 204 3140 qui
229 3053 380 3142 precibus
405 3063 435 3120 ot
458 3051 729 3142 promissionibus
759 3053 902 3121 narravit
927 3054 1037 3122 omnia
1064 3051 1177 3144 superi

148 3168 309 3236 declarata
327 3179 357 3235 et
372 3169 459 3257 quod
481 3169 513 3235 in
534 3191 571 3236 ea
588 3179 680 3236 erant
704 3191 776 3236 ossa
797 3170 898 3238 saneti
920 3169 1048 3258 Vigoris
1070 3169 1177 3260 episc(

148 3283 272 3353 Baioero
292 3284 440 3367 civitatis,
458 3285 588 3352 oriundi
606 3285 646 3352 de
660 3285 826 3369 Atrobato,
846 3296 876 3353 et
893 3285 981 3374 quod
997 3308 1035 3354 ea
1051 3285 1084 3353 in
1099 3284 1177 3353 eodo

147 3399 230 3481 loeo,
254 3399 359 3467 causis
378 3400 553 3489 praedictis,
580 3400 769 3468 intendebat
792 3401 976 3491 deportare.
998 3399 1177 3471 Nihilomin

146 3513 252 3581 dictus
265 3513 363 3581 abbas
377 3536 395 3581 a
411 3514 579 3603 praedicto,
590 3526 768 3604 spontanea
783 3514 949 3583 uoluntate
964 3525 996 3583 et
1008 3536 1073 3584 non
1090 3523 1177 3584 oouot

177 3728 211 3791 (t)
231 3726 359 3795 stupeum
383 3722 545 3794 distantium
573 3730 596 3780 et
620 3728 817 3794 longitudinem
846 3731 916 3781 tlons
939 3729 965 3781 lu
990 3708 1066 3796 copie
1089 3729 1121 3782 de
1142 3725 1177 3799 D

147 3817 268 3873 Grenier.

178 3908 213 3970 (2)
228 3907 361 3959 aniciano
380 3922 416 3959 ou
434 3907 575 3973 At‘ieiouo,
595 3909 620 3960 le
639 3923 702 3961 nom
723 3923 752 3961 se
772 3910 921 3976 mpproehe
941 3915 1012 3963 cette
1033 3910 1084 3963 tois
1096 3908 1127 3961 do
1140 3914 1177 3958 ce

147 3997 235 4048 donne
250 4012 299 4066 par
313 3997 424 4049 Horiult
440 4035 445 4048 .
