2708 4854
683 381 863 452 „54-

247 543 472 628 fundamenta,
494 565 559 612 non
579 555 686 613 tamen
704 544 826 635 placuit
847 545 969 636 populo
992 547 1080 636 quod
1101 567 1188 616 uuus
1212 546 1313 616 laicus

247 659 383 728 haberet
399 670 521 727 tantum
538 660 697 748 regimem
713 672 744 728 ct
756 681 775 727 a
789 659 947 749 religiosis
957 673 988 729 ct
996 663 1119 752 populo
1128 662 1313 732 centulensi

245 774 275 844 ei
296 775 357 844 suit
376 775 529 865 deputata
542 776 614 843 villa
629 776 668 844 dc
685 776 788 844 Bussu
804 798 877 844 cum
899 777 966 845 suis
982 777 1192 868 appenditiis
1214 789 1251 847 ut
1267 778 1312 846 vi·

244 903 330 960 reret
345 891 378 958 in
395 891 545 959 humanis
562 891 585 957 ¹.

746 1169 801 1236 XX

244 1367 391 1436 Fructum,
408 1372 455 1422 ‘20⁰
468 1367 549 1436 abbe,
567 1368 613 1422 clu
628 1366 721 1439 parmi
735 1366 778 1420 ies
791 1366 940 1438 religieux.
957 1369 1062 1423 —Son
1078 1367 1171 1440 eloge.
1183 1371 1314 1424 -Com-

279 1472 362 1521 ruent
387 1466 408 1520 il
429 1481 566 1521 recourre
587 1465 628 1519 les
651 1465 777 1536 reliques
795 1465 830 1519 de
849 1466 926 1520 saint
949 1465 1078 1537 Riquier.
1101 1498 1136 1505 —-
1161 1469 1198 1523 Le
1217 1471 1314 1523 comte

278 1564 409 1618 Arnould
424 1565 451 1618 le
464 1564 609 1636 poursnit.
621 1595 655 1602 —
670 1563 839 1634 Apparition
852 1563 888 1618 de
899 1564 976 1619 saint
989 1564 1109 1635 Riquicr
1121 1581 1174 1619 sur
1187 1564 1213 1620 lo
1223 1567 1314 1624 Mont-

281 1662 446 1733 des-Anges
463 1679 500 1716 ou
513 1663 668 1716 Nateruout.
682 1666 718 1699 ’-
733 1663 769 1715 Le
785 1665 880 1716 comte
896 1662 1027 1716 Arnouid
1048 1662 1174 1734 reprend
1187 1663 1231 1718 les
1247 1663 1315 1718 reti-

282 1780 354 1833 ques
374 1763 408 1817 de
429 1763 506 1817 saint
523 1763 642 1833 ltiquior
659 1767 687 1816 et
702 1762 744 1816 les
759 1766 840 1833 porte
860 1762 933 1817 dans
946 1761 1054 1834 l'eg'isc
1069 1763 1105 1818 dc
1120 1763 1314 1820 saint-Bertin

278 1863 294 1914 at
309 1861 500 1916 Saint-Omer.

290 2055 384 2146 (ron-
404 2055 561 2141 aarum,
585 2055 663 2123 tna-e
684 2055 860 2140 aramme,
878 2055 1023 2147 coaptat
1039 2056 1154 2147 xxu.)

288 2202 519 2271 Fumantem?
543 2201 717 2288 vigesimus
737 2201 836 2268 abbas
853 2199 991 2269 coenohii
1008 2198 1212 2293 Contutensis
1229 2223 1316 2271 anno

244 2298 372 2386 Domini
390 2318 454 2387 0-40
472 2327 527 2384 aut
543 2317 672 2384 circiter
686 2316 748 2384 suit
764 2317 883 2384 eiectus
904 2315 989 2383 inter
1005 2317 1123 2384 iratres
1146 2316 1316 2405 religiosos

243 2447 389 2525 temporo
415 2434 567 2503 Lndovici
596 2434 700 2524 quinti
726 2434 784 2501 sitii
812 2433 940 2502 Charoli
966 2433 1135 2523 simplicis.
1163 2434 1232 2517 Istc,
1255 2436 1316 2505 fuit

240 2571 366 2638 magnae
384 2550 663 2634 considerationis,
680 2571 808 2639 semper
822 2549 1010 2618 desiderans
1028 2571 1226 2640 recuperare
1242 2573 1314 2620 cor-

241 2690 302 2757 pus
321 2667 562 2735 sanctissimum
579 2667 629 2734 sui
646 2667 787 2757 patroni,
805 2677 836 2734 et
855 2667 968 2735 devote
984 2665 1117 2735 intravit
1133 2667 1315 2737 Monstero-

239 2782 308 2848 lum
322 2803 421 2871 super
433 2804 552 2871 equum
567 2782 722 2869 griseum,
738 2792 769 2849 ct
781 2782 820 2849 de
830 2793 923 2849 nocte
936 2781 1070 2849 accessit
1081 2781 1123 2849 ad
1136 2782 1312 2871 qnmndam

244 2898 412 2966 custodem
429 2920 485 2966 seu
506 2898 673 2966 sacristam
693 2897 905 2986 reliquiarum
919 2896 1062 2966 ecciesiae
1077 2895 1187 2966 Sancti
1201 2897 1310 2982 Salvii,

243 3013 272 3080 ci
290 3014 585 3082 demonstrandum
603 3014 798 3083 declarando
810 3013 974 3081 molestias
990 3023 1021 3082 et
1035 2992 1226 3101 gravamina
1240 3034 1312 3105 quau

244 3126 399 3195 intulerat
427 3150 533 3196 comes
557 3130 718 3197 Amoldns
743 3128 898 3218 rapiendo
924 3150 1042 3219 corpus
1069 3128 1309 3198 sanctissimum

243 3245 372 3333 patroni
386 3244 435 3312 sui
448 3268 456 3328 ;
470 3245 525 3334 qui
539 3245 568 3313 ei
584 3245 733 3335 promisit
746 3246 929 3329 restituero,
940 3257 972 3313 et
983 3245 1054 3334 ipso
1067 3233 1199 3314 sedente
1213 3267 1310 3337 super

243 3382 364 3450 equum
385 3382 502 3451 eorpus
520 3363 728 3446 restau1·arit;
751 3373 793 3448 ot,
812 3362 844 3429 in
861 3362 1073 3431 restaurando
1083 3364 1108 3448 ³,
1128 3385 1235 3454 equus
1250 3363 1308 3432 iste

271 3585 307 3645 (lt
322 3584 343 3634 ll
358 3590 469 3635 mourut
483 3584 499 3636 a
513 3585 602 3636 Bussu
615 3585 713 3647 meme,
732 3583 841 3636 sumant
860 3583 994 3636 Huriulso.
1013 3581 1154 3651 Spioniae,
1164 3599 1190 3651 p.
1207 3584 1261 3638 ou.
1277 3611 1303 3622 -

239 3673 274 3724 Et
289 3671 315 3724 le
330 3674 367 3725 17ο
382 3674 450 3725 abbo
465 3675 498 3725 de
513 3674 717 3740 Soiut-Riquier
735 3678 777 3725 est
795 3674 897 3740 appele,
913 3673 929 3724 a
943 3679 1013 3726 cetto
1030 3675 1168 3740 occasion,
1182 3675 1301 3734 Gorbert

239 3776 287 3828 pur
301 3762 417 3814 l'uutcur
430 3763 467 3814 du
481 3762 635 3815 chronicon
650 3762 816 3816 Gentuteuse.

270 3851 306 3913 (2)
324 3851 448 3902 Itariutte
462 3851 528 3902 ecrit
543 3851 724 3904 Futcttericus.
740 3851 877 3918 Sptct'ttoc,
892 3867 917 3918 p.
933 3852 987 3902 324.

273 3940 307 4005 (3)
322 3938 361 3992 Eu
377 3943 558 3993 restaurando
573 3941 642 3993 dans
657 3939 683 3993 la
697 3942 773 4006 copto
787 3942 821 3993 de
835 3941 903 3993 Dom
918 3942 1040 3993 Grenier.
