2708 4854
654 386 833 457 ..pp-

209 572 228 612 t
252 547 299 617 sic
312 557 528 639 perpetrasse.
546 574 560 610 »
577 548 618 618 ttt
633 547 785 640 inprime
800 549 982 641 septimana
997 548 1286 641 Quadmgesimae·

207 663 352 755 privatus
370 673 419 733 est
430 664 517 733 dono
532 663 651 753 linguae
663 675 695 734 et
711 664 752 733 ab
771 665 861 735 omni
873 665 902 734 ri
918 666 1060 736 naturali
1078 666 1279 751 destitutus;

207 791 240 850 et
258 779 403 871 quotidie
426 778 559 869 qnidam
581 779 751 868 religiosus
770 803 879 851 coram
894 803 933 852 eo
945 782 1140 873 psalterium
1158 783 1282 853 decan·

207 896 306 983 tabat,
334 895 550 986 videruntque
574 895 616 964 ab
643 918 682 966 eo
708 896 839 986 signnm
871 898 1096 990 requisitionis
1125 888 1281 970 extremae

207 1013 379 1083 unctionis.
394 1013 464 1094 Quo
476 1014 572 1095 factu,
584 1013 694 1103 aliquo
711 1015 807 1084 modo
823 1014 1000 1100 'convaluit
1017 1027 1051 1086 et
1065 1014 1199 1087 locutus
1214 1027 1280 1102 est,

206 1143 237 1199 et
249 1130 334 1200 inter
347 1134 463 1199 caetera
475 1130 675 1219 quesierunt
690 1130 731 1199 ab
745 1152 783 1200 eo
796 1130 828 1199 in
843 1152 909 1221 quo
922 1131 993 1202 loco
1010 1132 1138 1203 volebat
1149 1132 1283 1225 sepeliri

206 1246 374 1331 instanter,
391 1267 490 1336 snper
505 1267 570 1335 quo
590 1245 733 1315 dilatarit
747 1269 808 1316 nec
827 1269 1020 1339 responsum
1035 1249 1116 1318 dare
1131 1250 1279 1332 volebat;

208 1373 240 1432 et
259 1362 338 1453 quia
359 1364 474 1431 fratres
499 1383 598 1452 snper
625 1362 679 1431 illo
703 1384 801 1453 passu
826 1363 1070 1450 continuabant,
1093 1365 1178 1435 dixit
1202 1365 1281 1435 eis:

209 1479 303 1548 allos
320 1499 386 1548 non
399 1477 548 1548 faceretis
562 1499 635 1568 qnae
648 1478 752 1548 merui
768 1489 801 1550 et
814 1502 889 1571 qnae
904 1480 1002 1572 cupio
1017 1504 1025 1567 ;
1041 1466 1139 1551 ›nec'
1152 1483 1284 1552 volebat

207 1593 339 1678 dicere;
364 1604 395 1662 et
419 1614 487 1684 prce
510 1593 606 1663 taedio
629 1593 804 1662 declaravit
825 1606 858 1663 et
878 1594 981 1663 dixit:
1010 1619 1025 1663 t
1048 1595 1125 1665 Post
1146 1618 1283 1687 separa-

211 1734 225 1774 »
253 1708 371 1779 tionem
394 1709 525 1795 animae,
548 1709 685 1800 accipite
705 1710 850 1796 cordam,
871 1732 928 1780 seu
948 1713 1072 1796 lunem,
1090 1713 1284 1804 etpedibus

210 1853 224 1893 u
252 1827 418 1896 cadaveris
437 1827 500 1896 mei
518 1827 659 1916 alligate,
681 1839 713 1896 et
730 1827 810 1918 jugo
829 1827 906 1919 equi
929 1828 1100 1919 imponite,
1126 1840 1159 1899 et
1182 1851 1284 1921 super

210 1969 223 2010 a
248 1944 451 2034 sterquilinia
472 1944 571 2033 hujus
590 1944 778 2031 ambituset
799 1943 881 2014 vitta
899 1944 1039 2015 ducatur
1054 1945 1194 2015 cadaver
1217 1946 1283 2015 mei

211 2084 224 2125 a
250 2058 441 2150 peccatoris,
469 2060 547 2150 quia
572 2081 638 2129 non
663 2081 735 2129 sum
760 2060 878 2148 dignus
902 2060 1049 2152 recipere
1074 2062 1283 2152 sepulturam

209 2201 226 2238 n
252 2177 348 2245 aliam
361 2176 593 2245 authenticam.
606 2201 620 2242 u
634 2177 679 2244 Ex
692 2198 758 2266 quo
771 2197 884 2246 omnes
894 2176 1096 2247 unanimiter
1109 2176 1282 2269 planctum

208 2304 239 2363 et
253 2295 416 2384 ploratum
431 2293 621 2362 emiserunt.
636 2291 816 2383 Requisivit
831 2293 919 2382 quod
935 2294 1016 2362 hora
1026 2293 1142 2363 mortis
1157 2304 1281 2384 corpus

208 2433 303 2479 suum
333 2410 366 2478 in
395 2409 476 2478 lucie
500 2407 645 2479 ecclesian
668 2420 846 2499 portarent,
873 2420 905 2479 et
928 2431 1057 2480 crucem
1079 2411 1286 2502 deponerent

208 2551 281 2599 cum
299 2528 444 2620 reliquiis
460 2540 646 2598 sanctornm
666 2539 696 2598 el
717 2540 902 2598 sanctarum
918 2528 986 2598 Dei.
1005 2529 1099 2611 ouon
1116 2531 1282 2615 iecerunt,

207 2655 238 2712 et
256 2644 364 2736 ipsum
384 2643 491 2713 adbuc
508 2643 665 2712 viventem
687 2655 761 2712 ante
779 2642 886 2733 majus
908 2644 1009 2714 altare
1026 2643 1285 2735 deportaverunt

206 2769 238 2826 et
253 2759 380 2827 litanias
393 2756 564 2827 decantare
577 2769 756 2848 coeperunt.
771 2759 809 2827 Et
823 2758 901 2850 ipsis
917 2758 1141 2830 cantantibus:
1155 2761 1284 2830 Sancto

205 2875 326 2958 Morio,
344 2897 400 2943 oro
413 2897 472 2964 pro
490 2896 535 2959 co,
546 2874 624 2964 quia
640 2896 706 2943 non
725 2886 852 2966 poterat
869 2874 971 2966 loqui,
992 2875 1128 2945 extraxit
1143 2898 1284 2946 manum

206 2989 370 3060 dexteram
395 3002 427 3059 et
454 2989 568 3059 levarit
593 2989 626 3058 in
654 2991 771 3060 coelum
802 2990 835 3058 in
864 2991 993 3079 signum
1019 2991 1214 3063 devotionis.
1243 2994 1286 3064 Et

208 3105 340 3198 quando
355 3117 496 3198 punctus
517 3105 569 3174 ille
588 3105 689 3175 venit:
708 3107 824 3175 Sancte
835 3106 984 3191 llicbori,
1001 3128 1061 3175 oro
1070 3129 1132 3197 pro
1146 3130 1194 3192 eo,
1209 3108 1285 3200 ipse

206 3223 303 3292 altius
317 3221 430 3291 levavit
443 3243 588 3306 manum,
604 3232 647 3306 et,
663 3221 805 3291 sedendo
822 3232 852 3290 et
868 3222 988 3302 flendo,
1003 3223 1068 3291 alla
1082 3232 1115 3293 et
1130 3220 1293 3314 intelligi-¹

205 3340 262 3409 bili
274 3360 362 3424 voce,
373 3337 579 3407 exclamavit:
594 3338 733 3407 «Sancte
747 3332 960 3423 Richari‚'ora
973 3360 1033 3429 pro
1045 3328 1114 3407 mess
1125 3365 1139 3401 a
1152 3338 1284 3420 Quibus

204 3454 325 3524 litaniis
342 3453 434 3523 lactis
449 3465 480 3523 et
500 3453 650 3544 peractis,
672 3455 788 3523 fratres
807 3455 1022 3524 decantabant
1036 3454 1236 3545 :Soetptat
1252 3464 1290 3526 te

207 3573 371 3642 christos.
401 3572 441 3640 Et
459 3571 512 3641 ille
536 3569 746 3640 tnneemisit
768 3570 933 3661 spiritum.
965 3572 1005 3639 Et
1031 3568 1104 3663 ipso
1130 3569 1290 3661 ingresso·

205 3687 288 3757 viam
303 3687 411 3757 carnis
430 3687 600 3772 universae,
622 3687 738 3756 iratres
758 3697 956 3777 acceperunt
975 3707 1095 3778 aquam
1119 3685 1154 3755 in
1179 3687 1280 3779 pelvi,

205 3816 236 3874 et
252 3804 494 3897 expoliavemnt
507 3825 582 3873 eum
601 3815 633 3874 et
652 3805 850 3873 lavaverunt.
872 3800 937 3873 Neo
955 3811 1120 3894 repertum
1139 3800 1191 3873 es't
1206 3785 1283 3894 ejiis

206 3896 324 4010 corpus
344 3919 429 3987 ultra
452 3919 631 4008 leprosum,
653 3918 708 3986 sed
729 3939 850 4008 purum
877 3928 908 3986 et
932 3916 1107 4011 mundum,
1135 3916 1283 3988 odorans
1319 3982 1329 4001 ,
