2708 4854
493 383 694 452 -l5l-

57 547 210 637 managio
224 548 351 638 lapidea
363 557 395 616 el
405 547 573 615 nemoren'
590 544 757 614 existentia
770 544 803 611 in
817 542 1015 612 suburbanis
1029 544 1125 612 dicim

58 665 140 733 villae
157 664 265 734 Sancti
279 663 433 732 Richarii.
446 665 485 731 m
498 673 534 730 ul
546 662 617 730 illos
631 639 854 751 prisioniarios
868 660 1017 729 redderet
1029 682 1125 728 senos

58 783 91 850 in
118 803 267 872 corpore,
292 782 363 848 villa
386 781 447 848 isle
472 780 547 847 dala
571 790 617 848 est
642 778 675 846 in
696 777 899 868 possessione
916 777 987 866 ejus
1003 788 1035 845 el
1051 777 1124 845 ville

57 897 278 989 Compendiae,
308 898 421 986 gallice
447 896 650 985 Compiepne.
675 896 721 962 Eo
741 905 899 983 tempore,
924 904 997 961 ente
1016 893 1123 960 villam

56 1017 95 1083 de
109 1015 241 1083 Menolc
255 1025 402 1083 mortuus
417 1024 465 1081 est
480 1016 535 1081 r'ex
550 1013 684 1100 logne,
704 1022 735 1080 el
750 1032 846 1080 suum
859 1009 995 1077 cadaver
1009 1009 1124 1099 depor-

57 1144 160 1200 lalum
176 1130 211 1198 in
229 1131 343 1219 Anglia
355 1132 379 1198 2.
401 1131 471 1211 Dur
489 1132 527 1197 de
544 1129 705 1215 Bellesorl
725 1125 795 1217 ejus
820 1128 920 1195 freter
938 1125 1123 1194 nominatos

57 1260 106 1317 est
122 1268 237 1335 regens
258 1246 415 1315 Franciae.

101 1365 195 1432 Anno
213 1362 340 1431 Domini
362 1361 461 1446 rme,
483 1361 618 1428 villader
635 1360 751 1450 Crolop
766 1361 892 1429 reddita
908 1371 956 1429 est
972 1360 1125 1435 manibus

58 1480 144 1568 regis
163 1478 286 1568 Angliae
305 1500 364 1568 per
382 1479 551 1548 dominum
569 1479 726 1547 Jacohum
745 1479 782 1546 cle
800 1479 975 1560 Horcon,-
995 1489 1027 1546 et
1046 1478 1124 1545 dum

57 1597 224 1665 recederet
246 1594 386 1665 visitavit
410 1594 577 1664 dominum
597 1597 635 1662 de
657 1597 824 1683 Portenop
848 1595 881 1661 in
906 1616 965 1663 sno
985 1595 1126 1678 ceslello,

57 1735 154 1781 snum
167 1725 352 1801 cognatum,
364 1724 395 1781 el
411 1713 489 1780 dum
501 1712 667 1780 riderelse
681 1712 846 1780 fortiorem
860 1712 960 1779 voluit
970 1713 1127 1801 expellere

57 1829 182 1897 diclum
194 1829 363 1897 dominum
376 1830 590 1917 dePorlenoy
603 1840 633 1897 el
649 1828 811 1896 dominari
826 1829 859 1895 in
872 1827 958 1896 diclo
975 1828 1102 1896 castello
1117 1851 1124 1911 ;

57 1946 114 2015 sed
136 1946 269 2035 quidem
286 1946 334 2013 vir
350 1946 454 2030 forliS,
471 1966 581 2014 servus
598 1945 675 2013 dicli
691 1946 870 2033 Portenoy,
889 1945 1055 2034 amplexus
1077 1956 1126 2012 est

58 2082 147 2144 eum,
170 2071 201 2128 ct
222 2060 374 2128 deorsum
396 2082 455 2150 per
472 2061 647 2128 leneslram
670 2060 703 2127 in
727 2059 852 2128 fossalis
874 2058 951 2127 dicli
973 2059 1034 2126 loci
1051 2081 1127 2148 pro·

55 2175 145 2264 jecit.
161 2176 284 2265 Deque
298 2175 484 2244 infirmitate
498 2197 561 2244 non
579 2176 751 2260 convaluit,
764 2175 818 2243 sed
834 2176 948 2244 merilo
962 2187 990 2242 el
1001 2174 1126 2263 judicio

58 2290 200 2374 Domini,
226 2302 260 2358 nl
286 2290 376 2380 pium
404 2303 451 2359 est
470 2291 614 2376 credere,
637 2303 740 2377 morlo
762 2291 878 2359 canina
901 2303 1048 2358 morinus
1065 2302 1125 2359 csl.

59 2408 98 2474 m
116 2407 301 2475 immediale
316 2408 524 2476 constilulum
542 2419 590 2476 est
605 2408 756 2499 proelium
775 2409 813 2475 de
832 2408 974 2476 Vernenc
987 2429 1026 2475 en
1041 2408 1123 2475 Per-

57 2524 115 2592 clce
134 2523 220 2613 quod
236 2523 455 2613 perdiderunt.
468 2525 591 2610 Gallici,
613 2535 644 2593 el.
661 2524 754 2614 quasi
777 2546 889 2592 omnes
912 2524 997 2593 Scoli
1020 2524 1122 2592 inler-

57 2640 131 2709 lecli
144 2643 169 2708 ³.
197 2640 288 2708 Eleo
307 2651 450 2731 lompore
468 2662 522 2708 rex
538 2640 670 2708 Cerolns
690 2640 827 2708 decessit
848 2640 888 2706 ab
907 2641 967 2708 hoc
989 2640 1121 2722 seculo,

56 2768 87 2824 et
99 2755 164 2825 dux
179 2757 375 2825 d'Aleneleon
387 2756 613 2847 prisioninrius
626 2768 675 2826 esl
687 2757 720 2824 in
735 2756 863 2855 castello
876 2757 921 2824 clo
934 2755 1065 2844 Crolop.

583 3019 604 3071 V

57 3199 139 3269 Siege
160 3196 310 3253 d'Orlc'ens
329 3214 381 3270 por
398 3197 439 3253 les
455 3197 584 3284 Anglnis.
600 3229 634 3237 -
647 3199 756 3251 lennne
775 3195 868 3252 d'ilre.
886 3227 919 3236 -
935 3195 992 3251 Ellc
1020 3196 1069 3251 bel
1085 3196 1127 3252 les

92 3294 223 3366 ,lnglnis
237 3293 287 3348 soil
302 3310 397 3349 sacrcr
411 3293 437 3349 le
453 3295 507 3364 roi,
524 3301 568 3349 cst
587 3295 663 3367 prise
683 3295 789 3350 devant
805 3295 993 3365 Compiegnc,
1015 3295 1127 3350 couchc

91 3396 166 3452 dans
181 3394 207 3449 lc
222 3394 343 3450 chllenu
363 3394 398 3450 de
418 3397 524 3466 Drngy,
545 3398 585 3450 on
602 3394 716 3450 Nicolas
732 3395 878 3463 Bourdon,
895 3397 996 3467 prevol
1009 3395 1044 3449 de
1059 3393 1127 3448 l'ab-

85 3585 120 3647 (l)
135 3583 255 3633 mnsons
268 3582 433 3633 consimiles
447 3596 480 3633 en
495 3583 597 3646 pierres
611 3587 638 3632 ol
652 3583 772 3633 maisons
787 3582 951 3633 construiles
966 3596 1000 3633 en
1017 3582 1085 3635 bois.
1096 3609 1126 3620 -

57 3677 78 3725 Α
95 3678 185 3724 noler.

86 3763 121 3824 (2)
137 3761 173 3810 Le
192 3773 271 3824 corps
289 3760 325 3810 du
345 3760 383 3810 roi
403 3759 588 3826 ‹l'Angleterre
609 3760 659 3824 sul,
679 3759 799 3825 pendent
816 3760 841 3811 le
863 3761 951 3824 majel,
972 3759 1071 3825 depos&
1093 3772 1126 3809 en

54 3852 160 3916 l‘eglise
175 3849 209 3900 de
224 3849 430 3901 scint-Vulsrnn
445 3849 624 3901 o'nnbeville.

86 3942 122 4003 (3)
136 3937 278 4003 Interfecli
290 3941 353 3990 sunl
368 3938 436 3990 dous
452 3939 477 3989 lo
491 3940 568 4003 copie
583 3940 616 3990 de
632 3939 699 3990 Dom
714 3938 837 3991 Grenier.
