2708 4854
518 108 673 151 ...¹—

56 246 257 314 Clodonoum
288 247 559 336 primogenitum,
595 247 830 335 Rngnnmn'um
859 259 890 315 et
921 247 1123 315 Richarinm.

57 367 117 434 Iste
133 365 319 434 Clodovens
335 387 480 455 paganus
494 377 528 433 et
546 367 677 433 futums
696 366 892 433 christianus
912 378 984 455 post
1000 365 1126 434 obitum

58 482 105 550 sui
132 482 240 572 putris
266 482 365 572 coepit
394 503 528 569 tegnam
554 503 640 549 nuno
666 482 795 550 Domini
820 480 903 550 484⁰
923 494 954 551 et
973 483 1067 551 duxit
1093 483 1126 549 in

59 620 193 667 uxorem
215 599 375 667 Ctotidem
395 599 494 666 filium
513 599 764 686 Dngondebnudi
782 600 866 686 mgis
885 599 1078 686 Rutgondiae
1093 600 1126 667 in

58 717 141 786 bello
159 717 274 802 occisi,
294 717 407 784 mattis
420 717 511 806 ejus¹
533 716 709 784 submensae
731 716 764 782 in
778 716 920 804 quodum
936 716 1047 783 flutio.
1064 717 1126 784 lste

58 834 240 904 Clodoueus
260 834 322 901 tuit
338 834 579 923 potentissimus
596 845 629 900 et
646 844 741 922 uptus
759 833 799 900 nd
815 833 938 922 puelia.
958 834 1029 922 lpse
1044 833 1125 900 eiiu-

59 951 143 1038 gavit
163 973 183 1018 a
206 971 308 1038 regno
328 951 437 1019 Gattiae
459 951 575 1018 ducem
598 950 751 1038 Cimgtiae
773 951 876 1017 titium
899 936 1124 1019 Gitii‘romoni

60 1066 206 1157 praedicti
220 1088 240 1134 a
254 1066 382 1134 civitate
394 1067 588 1136 Suteenensi
602 1067 632 1133 ui
648 1078 679 1135 et
698 1067 848 1136 uiolentia
868 1090 942 1135 cnm
960 1069 1050 1135 omni
1064 1090 1124 1136 suo

60 1183 200 1251 exercitu
216 1195 276 1250 out
291 1182 361 1251 acie
375 1207 384 1265 ;
401 1195 432 1251 et
448 1183 519 1273 ipso
531 1185 566 1251 in
580 1185 692 1274 ptmtio
705 1195 816 1253 eontm
829 1185 1029 1253 Teutonicos
1040 1187 1053 1229 '²
1066 1208 1123 1253 seu

59 1298 228 1367 Alemanos
249 1299 417 1368 dubitante
436 1300 476 1368 de
498 1301 643 1381 victorin,
664 1323 722 1390 pet·
745 1302 955 1392 semetipsum
983 1301 1124 1392 repletus

59 1415 178 1504 Spiritu
196 1415 317 1483 Sancto
331 1415 452 1505 jumvit
471 1439 509 1484 ao
529 1417 678 1507 promisit
692 1418 845 1506 baptisati
862 1418 895 1485 in
914 1419 1045 1487 nomine
1061 1419 1123 1486 Do-

60 1531 137 1599 mini
168 1531 272 1599 nostri
297 1532 373 1600 Jesu
394 1555 433 1605 an
455 1534 591 1602 sedete³
616 1535 848 1602 monitionibus
870 1535 964 1602 dictae
990 1534 1122 1602 Ctotidis

61 1650 166 1718 uxoris
183 1672 254 1718 suae
270 1650 391 1738 teginae
407 1652 517 1720 Gallim
533 1665 564 1721 et
588 1653 783 1720 christianes.
805 1653 874 1732 Qua
889 1674 997 1743 prece,
1024 1654 1123 1722 uicto-

61 1766 139 1835 tiam
157 1767 313 1852 obtinuit,
327 1779 359 1836 et
371 1769 478 1837 Remis
493 1770 534 1837 od
552 1770 684 1838 beatum
698 1769 878 1856 Remigium
901 1781 978 1837 tunc
998 1771 1123 1839 ambie-

61 1882 227 1973 piscopum
252 1884 408 1974 puniend,
437 1885 493 1975 qui
518 1907 592 1954 eum
612 1886 797 1975 baptisavit,
826 1897 984 1975 pnesente
1012 1897 1123 1954 sancto

61 1999 195 2069 Vedasto
209 1999 364 2090 episcopo
383 2002 608 2086 Atrebatensi3
630 2014 661 2071 et
679 2003 712 2069 in
730 2014 823 2071 noete
844 2002 992 2092 sequenti
1007 2003 1122 2070 beatus

62 2116 228 2208 Dionysius
251 2117 285 2185 in
306 2117 419 2208 spiritu
439 2118 468 2186 ei
488 2119 578 2187 dedit
596 2131 898 2188 scutum-asumum
918 2119 993 2187 titiis
1014 2119 1121 2187 atiinis

62 2231 251 2300 edomatum
268 2233 371 2302 tribus
387 2256 394 2316 ;
410 2234 498 2322 quod
517 2234 696 2324 expositum
710 2245 769 2318 est,
784 2256 840 2302 seu
858 2234 1119 2324 interpretatum,

63 2370 115 2437 per
136 2348 249 2433 fidem,
273 2350 440 2418 seientiam
463 2361 495 2419 et
516 2351 675 2434 mititiam,
700 2373 759 2440 pet·
775 2351 876 2419 dietus
900 2351 1058 2419 cronicas.
1082 2351 1121 2418 Et

65 2467 198 2535 unctus⁴
214 2477 262 2534 est
280 2465 350 2533 oleo
364 2476 474 2533 saneto
494 2486 552 2555 pen
572 2466 755 2533 columbam
772 2465 877 2532 albam
892 2487 909 2533 e
924 2466 1005 2534 ooeio
1025 2487 1121 2555 apon-

65 2595 132 2652 tato.
153 2584 224 2664 Quo
249 2583 282 2651 in
306 2581 446 2651 ecclesia·
459 2581 560 2650 sancti
581 2582 717 2669 Remigii
739 2603 830 2669 reges
851 2581 949 2671 hujus
970 2581 1118 2650 christia-

67 2699 180 2769 nissimi
196 2698 288 2786 mgni
304 2709 473 2767 sacrantur
486 2709 517 2765 et
532 2710 711 2785 unguntur.

104 2814 321 2905 Ragnavatius
340 2824 371 2882 et
390 2813 560 2882 Riobauius
579 2813 709 2903 pagani,
734 2814 1015 2883 f1·atmsttod0vei
1035 2814 1120 2903 tegis

68 2931 163 3000 tatttae
183 2929 363 3014 christiani,
382 2951 419 2998 ex
438 2929 501 2997 fide
519 2940 641 2996 mutata
667 2941 698 2997 et
716 2930 787 2998 aliis
807 2930 913 2999 eattsis
935 2931 1121 2999 babuerunt

10 3032 12 3041 ¹
71 3046 210 3116 admirari
231 3058 263 3116 et
283 3046 547 3136 conspiraverunt
566 3045 715 3135 proelium
738 3047 895 3136 injustum
919 3061 1031 3117 eontra
1046 3047 1119 3116 Clo·

94 3257 123 3319 tt)
138 3255 264 3324 Eiusdem
279 3255 347 3307 dnus
362 3255 390 3306 ln
403 3256 479 3320 copie
493 3256 527 3308 do
543 3255 609 3306 tium
623 3255 746 3307 Gronior.

95 3338 124 3402 (t)
139 3339 189 3391 Les
202 3337 337 3404 copiosde
348 3336 415 3387 Dom
429 3337 622 3388 Grenieretde
638 3337 735 3388 Batuze
751 3336 873 3423 donnept
887 3333 1039 3399 &galement
1054 3331 1120 3384 Teu·

74 3429 210 3559 mimoni
223 3514 256 3552 ao
265 3499 358 3552 cedere
373 3500 562 3551 dvtdemment.
576 3499 617 3552 On
633 3503 698 3563 peut
712 3510 884 3562 soupponner
893 3509 946 3560 que
958 3494 1073 3544 l'nuteuu
1087 3491 1120 3542 de

76 3573 171 3644 lampio
185 3579 352 3645 comprendit
366 3594 416 3644 pou
433 3579 457 3630 te
473 3579 548 3630 tutin.
928 3650 930 3655 Ι

97 3657 125 3720 (t)
139 3659 176 3712 [ι
189 3660 265 3725 copie
278 3659 315 3712 dn
326 3673 376 3712 ms.
391 3661 424 3711 b.
442 3659 556 3711 Grenier
570 3658 676 3710 m'nvoit
690 3657 779 3709 donne
797 3656 910 3708 uinctus.
