2708 4854
509 425 689 494 -99-

53 588 122 667 Qui
141 588 238 655 citare
251 596 282 654 et
294 606 426 653 croc-arc
442 586 604 673 leciteunr
620 552 852 675 personaliter;
874 586 929 675 qui
944 586 975 652 in
988 587 1128 676 persona

56 703 241 792 increpavit
261 702 291 770 ei
315 703 400 770 mala
426 725 484 770 sua
509 715 540 771 et
565 703 686 770 vocarit
706 724 780 771 eum
803 702 987 770 carnilicem
1016 702 1130 800 ,ovium

56 822 139 888 Jesu
163 819 280 888 Christi
304 809 334 888 et
357 820 582 910 dissipatorem
611 821 772 888 bonorum
800 819 868 902 llei,
899 820 1131 888 sententialiter

61 937 222 1027 privando
240 958 313 1004 eum
328 959 346 1003 a
360 937 515 1024 regimine
531 935 629 1024 hujus
647 936 802 1021 ecclesiae,
820 936 981 1004 diceudo:
1005 960 1020 1002 u
1039 935 1136 1004 Solli-

66 1085 82 1117 »
112 1055 175 1124 ciat
199 1055 255 1122 tibi
275 1055 439 1144 possidere
466 1055 634 1122 ecclesiam
657 1054 918 1139 dmbianensem,
947 1054 980 1121 iu
999 1076 1063 1143 qua
1080 1032 1135 1121 in-

67 1199 83 1238 i>
111 1173 202 1239 trasti
223 1194 296 1240 cum
315 1171 504 1239 difficultate
522 1181 611 1239 etut
635 1171 746 1260 rulpes
768 1181 799 1237 et
822 1169 855 1236 iu
879 1192 942 1258 qua
962 1191 1078 1257 regnas
1100 1181 1137 1238 ut

68 1315 84 1353 i
112 1289 185 1355 leo:
209 1313 222 1353 a
244 1287 397 1376 deditque
418 1288 510 1355 nobis
526 1298 714 1376 potestatem
734 1286 872 1373 eligendi
894 1307 1012 1354 novum
1035 1284 1136 1354 abba-

66 1378 1131 1493 lemannobominitotoossedsemperambuunscrimeautetta,

67 1521 233 1611 precibus,
251 1520 344 1588 donis
359 1532 391 1587 et
406 1514 653 1588 alienationibus
674 1520 739 1588 Rex
755 1520 762 1564 ¹
788 1518 886 1607 hujus
902 1519 1057 1602 ccclesiae,
1076 1540 1136 1608 per

68 1660 192 1706 annum
220 1638 427 1727 completum,
449 1637 557 1704 omnia
581 1637 640 1704 ista
663 1636 751 1703 siluit
773 1647 804 1703 et
827 1635 940 1718 tacuit,
958 1647 990 1702 et
1009 1635 1059 1701 rix
1078 1657 1138 1725 per
1223 1638 1240 1657 ⁶

71 1755 261 1822 relationem
282 1753 360 1821 dicti
383 1753 617 1842 archiepiscopi
644 1765 675 1820 et
699 1752 775 1820 cleri
796 1751 963 1820 Remensis
986 1751 1075 1840 [boc]
1097 1751 1137 1819 ad

71 1869 220 1936 notitiam
241 1867 338 1956 bajus
354 1867 496 1942 ecclesio
516 1867 684 1957 perrenit;
707 1878 737 1934 et
753 1866 981 1933 blandimentis
1001 1865 1139 1933 credidit

70 1985 180 2052 adbuc
198 2003 343 2070 regnare,
371 1983 457 2070 quod
475 2003 538 2049 nou
556 1981 673 2071 potuit,
697 1981 784 2049 etad
805 1980 1043 2048 dbbatisrilla'm
1060 2002 1139 2068 per-

72 2101 166 2184 rexit,
191 2100 403 2167 clamantibus
424 2099 536 2167 incolis
553 2098 651 2186 bajus
675 2098 756 2168 uilla
774 2110 846 2188 post
864 2120 939 2167 eum
959 2120 1070 2166 versus
1090 2119 1141 2166 se-

70 2228 233 2306 quentes:

182 2413 228 2467 Sic
240 2411 301 2484 jam
318 2412 411 2467 elutus
425 2412 458 2466 ru
473 2417 588 2484 postera
603 2412 795 2468 dedecoratus
810 2411 823 2452 2
838 2430 844 2479 ;

182 2511 269 2565 Nobis
285 2511 427 2565 molestus
443 2510 561 2565 sibimet
574 2510 606 2565 lit
619 2501 701 2565 valdo
719 2511 881 2565 molestus:
911 2542 914 2548 ι

183 2609 275 2673 Quam
292 2609 397 2663 tulerat
411 2613 522 2680 pestem
539 2609 594 2663 sibi
609 2609 773 2680 propinavit
788 2608 920 2664 oaurdom
935 2609 948 2649 ³
964 2625 970 2674 ;

184 2707 311 2762 lliclrarii
324 2707 459 2779 precibus
475 2707 515 2762 sic
531 2707 641 2763 corruit
654 2707 702 2762 hic
718 2707 871 2763 Geminus,

122 2889 162 2956 Et
176 2887 253 2977 quia
268 2886 438 2954 verebatur
452 2907 551 2976 super
567 2887 620 2953 illa
636 2886 800 2955 additione
815 2897 846 2954 et
865 2885 1042 2977 privatione
1063 2886 1144 2955 tanti

74 3004 229 3073 beneficii
248 3002 347 3093 bajus
367 3003 493 3093 inclytae
510 3003 664 3088 ecelesia,
685 3014 717 3071 et
732 3015 768 3071 ut
793 3002 946 3070 invictum
975 3025 1008 3071 se
1032 3025 1145 3072 mons-

76 3133 192 3204 traret,
212 3121 323 3209 iniquo
340 3120 415 3188 odio
434 3132 466 3188 et
483 3120 643 3187 diabolica
661 3120 774 3188 fraude
787 3120 1033 3210 perseverando,
1047 3121 1147 3190 obsti-

75 3251 174 3308 natus
186 3237 218 3304 iu
232 3259 291 3306 sua
306 3236 441 3321 malitia,
456 3236 554 3305 roluit
568 3236 746 3324 subjectam
762 3237 868 3305 lacere
882 3236 964 3305 banc
977 3236 1146 3305 ecclesiam

111 3436 147 3499 (l)
164 3434 264 3487 ilerum
283 3441 352 3487 daus
371 3434 397 3486 la
415 3434 491 3501 copio
511 3434 544 3485 de
565 3433 632 3484 Dum
651 3433 773 3496 Grenici,
791 3447 822 3485 ee
840 3434 887 3499 qui
902 3433 1049 3499 s'erpl'rquo
1065 3434 1149 3485 beau-

76 3542 149 3592 coup
165 3527 263 3577 mieua.

108 3617 145 3677 t‘t)
160 3615 288 3681 Imprimd
303 3614 372 3665 dnus
387 3614 530 3679 dachery,
546 3612 685 3680 Spicitepe,
701 3617 718 3663 t.
736 3613 771 3675 tr,
786 3628 811 3678 p.
827 3614 882 3670 355.
898 3626 964 3677 aroc
978 3613 1011 3664 do
1026 3613 1152 3664 uotubles

77 3708 242 3759 ‹litterences
256 3720 353 3757 encore
369 3710 396 3756 et
409 3707 496 3756 meme
511 3705 559 3756 des
574 3704 781 3769 transpositions
795 3704 828 3755 de
844 3717 922 3755 vers:

244 3813 283 3855 Sic
294 3814 344 3868 pius
354 3813 439 3858 elutus.
457 3844 462 3855 .
479 3845 484 3856 .

246 3894 316 3936 Nobis
329 3893 428 3936 infestus
440 3893 533 3936 sibimet
544 3893 569 3935 m
581 3893 651 3935 valde
662 3892 774 3934 molestus

111 3994 148 4059 (3)
163 3993 215 4044 Ces
229 3992 298 4042 deux
312 4005 373 4042 rors
388 3996 448 4042 sont
463 3991 618 4057 transposes
632 3989 702 4041 dans
717 3989 742 4041 la
757 3988 833 4054 copie
851 3988 884 4039 de
899 3988 965 4039 Dom
982 3988 1103 4042 Grenier.
