<?xml version="1.0" encoding="UTF-8"?>
<!DOCTYPE html PUBLIC "-//W3C//DTD XHTML 1.0 Transitional//EN"
    "http://www.w3.org/TR/xhtml1/DTD/xhtml1-transitional.dtd">
<html xmlns="http://www.w3.org/1999/xhtml" xml:lang="en" lang="en">
 <head>
  <title>
</title>
<meta http-equiv="Content-Type" content="text/html;charset=utf-8" />
  <meta name='ocr-system' content='tesseract 3.04.00' />
  <meta name='ocr-capabilities' content='ocr_page ocr_carea ocr_par ocr_line ocrx_word'/>
</head>
<body>
  <div class='ocr_page' id='page_1' title='image "./cronicaabbrevia00joangoog_0116.png"; bbox 0 0 2708 4854; ppageno 0'>
   <div class='ocr_carea' id='block_1_1' title="bbox 563 439 742 508">
    <p class='ocr_par' dir='ltr' id='par_1_1' title="bbox 563 439 742 508">
     <span class='ocr_line' id='line_1_1' title="bbox 563 439 742 508; baseline -0.006 -19"><span class='ocrx_word' id='word_1_1' title='bbox 563 439 742 508; x_wconf 71' lang='grc'><strong><em>..83-</em></strong></span> 
     </span>
    </p>
   </div>
   <div class='ocr_carea' id='block_1_2' title="bbox 128 600 1204 4066">
    <p class='ocr_par' dir='ltr' id='par_1_2' title="bbox 128 600 1190 1740">
     <span class='ocr_line' id='line_1_2' title="bbox 128 600 1184 692; baseline 0 -24"><span class='ocrx_word' id='word_1_2' title='bbox 128 603 264 671; x_wconf 65' lang='lat' dir='ltr'>{utoniae</span> <span class='ocrx_word' id='word_1_3' title='bbox 276 624 376 692; x_wconf 85' lang='lat' dir='ltr'>super</span> <span class='ocrx_word' id='word_1_4' title='bbox 389 602 491 673; x_wconf 81' lang='lat' dir='ltr'>marc.</span> <span class='ocrx_word' id='word_1_5' title='bbox 505 613 535 669; x_wconf 88' lang='lat' dir='ltr'>et</span> <span class='ocrx_word' id='word_1_6' title='bbox 551 602 641 670; x_wconf 78' lang='lat' dir='ltr'>duxit</span> <span class='ocrx_word' id='word_1_7' title='bbox 654 602 688 668; x_wconf 92' lang='lat' dir='ltr'>in</span> <span class='ocrx_word' id='word_1_8' title='bbox 701 622 835 669; x_wconf 70' lang='lat' dir='ltr'>uxorem</span> <span class='ocrx_word' id='word_1_9' title='bbox 851 600 994 668; x_wconf 67' lang='lat' dir='ltr'>relictam</span> <span class='ocrx_word' id='word_1_10' title='bbox 1007 612 1037 669; x_wconf 85' lang='lat' dir='ltr'>ct</span> <span class='ocrx_word' id='word_1_11' title='bbox 1053 601 1184 669; x_wconf 86' lang='lat' dir='ltr'>riduum</span> 
     </span>
     <span class='ocr_line' id='line_1_3' title="bbox 128 717 1184 809; baseline 0 -24"><span class='ocrx_word' id='word_1_12' title='bbox 128 718 190 806; x_wconf 66' lang='lat' dir='ltr'>ejus</span> <span class='ocrx_word' id='word_1_13' title='bbox 202 743 211 801; x_wconf 89' lang='grc'>;</span> <span class='ocrx_word' id='word_1_14' title='bbox 225 731 270 802; x_wconf 86' lang='lat' dir='ltr'>ct,</span> <span class='ocrx_word' id='word_1_15' title='bbox 285 719 362 809; x_wconf 86' lang='lat' dir='ltr'>quia</span> <span class='ocrx_word' id='word_1_16' title='bbox 378 729 445 786; x_wconf 90' lang='lat' dir='ltr'>emt</span> <span class='ocrx_word' id='word_1_17' title='bbox 460 719 635 793; x_wconf 77' lang='lat' dir='ltr'>comitissa,</span> <span class='ocrx_word' id='word_1_18' title='bbox 646 718 714 809; x_wconf 79' lang='lat' dir='ltr'>ipse</span> <span class='ocrx_word' id='word_1_19' title='bbox 727 740 762 786; x_wconf 79' lang='lat' dir='ltr'>se</span> <span class='ocrx_word' id='word_1_20' title='bbox 779 717 957 786; x_wconf 84' lang='lat' dir='ltr'>nominarit</span> <span class='ocrx_word' id='word_1_21' title='bbox 967 717 1130 786; x_wconf 84' lang='lat' dir='ltr'>cornitem.</span> <span class='ocrx_word' id='word_1_22' title='bbox 1144 717 1184 785; x_wconf 82' lang='lat' dir='ltr'>Et</span> 
     </span>
     <span class='ocr_line' id='line_1_4' title="bbox 128 833 1183 924; baseline -0.001 -22"><span class='ocrx_word' id='word_1_23' title='bbox 128 836 182 902; x_wconf 63' lang='lat' dir='ltr'>tete</span> <span class='ocrx_word' id='word_1_24' title='bbox 195 857 305 903; x_wconf 89' lang='lat' dir='ltr'>comcs</span> <span class='ocrx_word' id='word_1_25' title='bbox 320 835 434 922; x_wconf 81' lang='lat' dir='ltr'>gennit</span> <span class='ocrx_word' id='word_1_26' title='bbox 452 857 489 902; x_wconf 82' lang='lat' dir='ltr'>ex</span> <span class='ocrx_word' id='word_1_27' title='bbox 512 858 550 903; x_wconf 86' lang='lat' dir='ltr'>ea</span> <span class='ocrx_word' id='word_1_28' title='bbox 572 835 741 921; x_wconf 78' lang='lat' dir='ltr'>{ingonem</span> <span class='ocrx_word' id='word_1_29' title='bbox 763 835 913 903; x_wconf 85' lang='lat' dir='ltr'>comitem</span> <span class='ocrx_word' id='word_1_30' title='bbox 935 833 1058 903; x_wconf 83' lang='lat' dir='ltr'>Pontiri</span> <span class='ocrx_word' id='word_1_31' title='bbox 1078 834 1135 924; x_wconf 82' lang='lat' dir='ltr'>qui</span> <span class='ocrx_word' id='word_1_32' title='bbox 1153 834 1183 901; x_wconf 86' lang='lat' dir='ltr'>ri</span> 
     </span>
     <span class='ocr_line' id='line_1_5' title="bbox 128 951 1181 1042; baseline 0.002 -25"><span class='ocrx_word' id='word_1_33' title='bbox 128 961 155 1018; x_wconf 85' lang='lat' dir='ltr'>ct</span> <span class='ocrx_word' id='word_1_34' title='bbox 172 951 324 1019; x_wconf 76' lang='lat' dir='ltr'>uiolentia</span> <span class='ocrx_word' id='word_1_35' title='bbox 344 952 453 1042; x_wconf 78' lang='lat' dir='ltr'>rapuit</span> <span class='ocrx_word' id='word_1_36' title='bbox 476 951 569 1019; x_wconf 85' lang='lat' dir='ltr'>nohis</span> <span class='ocrx_word' id='word_1_37' title='bbox 588 952 717 1019; x_wconf 78' lang='lat' dir='ltr'>feodum</span> <span class='ocrx_word' id='word_1_38' title='bbox 740 953 779 1018; x_wconf 85' lang='lat' dir='ltr'>dc</span> <span class='ocrx_word' id='word_1_39' title='bbox 796 953 908 1019; x_wconf 75' lang='lat' dir='ltr'>Portos</span> <span class='ocrx_word' id='word_1_40' title='bbox 928 963 959 1018; x_wconf 85' lang='lat' dir='ltr'>ct</span> <span class='ocrx_word' id='word_1_41' title='bbox 982 951 1021 1018; x_wconf 85' lang='lat' dir='ltr'>dc</span> <span class='ocrx_word' id='word_1_42' title='bbox 1040 951 1181 1019; x_wconf 74' lang='lat' dir='ltr'>h&#39;oicrrr.</span> 
     </span>
     <span class='ocr_line' id='line_1_6' title="bbox 128 1066 1186 1158; baseline 0.002 -25"><span class='ocrx_word' id='word_1_43' title='bbox 128 1066 399 1157; x_wconf 81' lang='lat' dir='ltr'>Geuuit&#39;quatuor</span> <span class='ocrx_word' id='word_1_44' title='bbox 423 1067 519 1152; x_wconf 73' lang='lat' dir='ltr'>sitim,</span> <span class='ocrx_word' id='word_1_45' title='bbox 545 1089 685 1157; x_wconf 85' lang='lat' dir='ltr'>quorum</span> <span class='ocrx_word' id='word_1_46' title='bbox 705 1068 832 1158; x_wconf 81' lang='lat' dir='ltr'>primus</span> <span class='ocrx_word' id='word_1_47' title='bbox 855 1068 1041 1136; x_wconf 88' lang='lat' dir='ltr'>nominatus</span> <span class='ocrx_word' id='word_1_48' title='bbox 1065 1079 1113 1135; x_wconf 78' lang='lat' dir='ltr'>est</span> <span class='ocrx_word' id='word_1_49' title='bbox 1134 1067 1186 1135; x_wconf 89' lang='lat' dir='ltr'>lu-</span> 
     </span>
     <span class='ocr_line' id='line_1_7' title="bbox 130 1185 1183 1276; baseline 0.001 -23"><span class='ocrx_word' id='word_1_50' title='bbox 130 1188 318 1271; x_wconf 79' lang='lat' dir='ltr'>gerrannus,</span> <span class='ocrx_word' id='word_1_51' title='bbox 335 1186 492 1253; x_wconf 85' lang='lat' dir='ltr'>mirabilis</span> <span class='ocrx_word' id='word_1_52' title='bbox 515 1185 639 1269; x_wconf 72' lang='lat' dir='ltr'>formae,</span> <span class='ocrx_word' id='word_1_53' title='bbox 656 1186 726 1275; x_wconf 91' lang='lat' dir='ltr'>qui,</span> <span class='ocrx_word' id='word_1_54' title='bbox 748 1187 801 1253; x_wconf 86' lang='lat' dir='ltr'>die</span> <span class='ocrx_word' id='word_1_55' title='bbox 821 1185 975 1254; x_wconf 81' lang='lat' dir='ltr'>transitus</span> <span class='ocrx_word' id='word_1_56' title='bbox 995 1186 1045 1254; x_wconf 87' lang='lat' dir='ltr'>sui</span> <span class='ocrx_word' id='word_1_57' title='bbox 1067 1186 1183 1276; x_wconf 62' lang='lat' dir='ltr'>patrisg</span> 
     </span>
     <span class='ocr_line' id='line_1_8' title="bbox 133 1301 1187 1392; baseline 0.005 -27"><span class='ocrx_word' id='word_1_58' title='bbox 133 1302 266 1370; x_wconf 72' lang='lat' dir='ltr'>restituit</span> <span class='ocrx_word' id='word_1_59' title='bbox 285 1301 440 1392; x_wconf 67' lang='lat' dir='ltr'>praedicto</span> <span class='ocrx_word' id='word_1_60' title='bbox 458 1301 595 1370; x_wconf 84' lang='lat' dir='ltr'>Gemino</span> <span class='ocrx_word' id='word_1_61' title='bbox 616 1302 724 1370; x_wconf 86' lang='lat' dir='ltr'>abbati</span> <span class='ocrx_word' id='word_1_62' title='bbox 740 1303 842 1370; x_wconf 89' lang='lat' dir='ltr'>dictas</span> <span class='ocrx_word' id='word_1_63' title='bbox 859 1302 949 1370; x_wconf 82' lang='lat' dir='ltr'>rilias</span> <span class='ocrx_word' id='word_1_64' title='bbox 971 1302 1009 1368; x_wconf 86' lang='lat' dir='ltr'>dc</span> <span class='ocrx_word' id='word_1_65' title='bbox 1026 1303 1138 1369; x_wconf 81' lang='lat' dir='ltr'>Portos</span> <span class='ocrx_word' id='word_1_66' title='bbox 1156 1313 1187 1370; x_wconf 89' lang='lat' dir='ltr'>et</span> 
     </span>
     <span class='ocr_line' id='line_1_9' title="bbox 135 1417 1187 1508; baseline 0.003 -26"><span class='ocrx_word' id='word_1_67' title='bbox 135 1417 167 1483; x_wconf 86' lang='lat' dir='ltr'>de</span> <span class='ocrx_word' id='word_1_68' title='bbox 181 1420 318 1502; x_wconf 67' lang='lat' dir='ltr'>Nomius,</span> <span class='ocrx_word' id='word_1_69' title='bbox 336 1429 368 1486; x_wconf 90' lang='lat' dir='ltr'>et</span> <span class='ocrx_word' id='word_1_70' title='bbox 381 1418 455 1486; x_wconf 81' lang='lat' dir='ltr'>fecit</span> <span class='ocrx_word' id='word_1_71' title='bbox 472 1419 737 1508; x_wconf 76' lang='lat' dir='ltr'>chirographum.</span> <span class='ocrx_word' id='word_1_72' title='bbox 756 1418 933 1486; x_wconf 77' lang='lat' dir='ltr'>Praedictus</span> <span class='ocrx_word' id='word_1_73' title='bbox 953 1418 1112 1487; x_wconf 78' lang='lat' dir='ltr'>henricus</span> <span class='ocrx_word' id='word_1_74' title='bbox 1132 1439 1187 1486; x_wconf 81' lang='lat' dir='ltr'>mx</span> 
     </span>
     <span class='ocr_line' id='line_1_10' title="bbox 139 1531 1190 1620; baseline 0.005 -23"><span class='ocrx_word' id='word_1_75' title='bbox 139 1534 270 1620; x_wconf 74' lang='lat' dir='ltr'>regnarit</span> <span class='ocrx_word' id='word_1_76' title='bbox 290 1533 333 1602; x_wconf 84' lang='grc'>30</span> <span class='ocrx_word' id='word_1_77' title='bbox 351 1534 457 1618; x_wconf 73' lang='lat' dir='ltr'>anniS,</span> <span class='ocrx_word' id='word_1_78' title='bbox 484 1546 515 1601; x_wconf 87' lang='lat' dir='ltr'>et</span> <span class='ocrx_word' id='word_1_79' title='bbox 534 1546 682 1603; x_wconf 88' lang='lat' dir='ltr'>mortuus</span> <span class='ocrx_word' id='word_1_80' title='bbox 703 1545 751 1602; x_wconf 88' lang='lat' dir='ltr'>est</span> <span class='ocrx_word' id='word_1_81' title='bbox 773 1556 858 1603; x_wconf 92' lang='lat' dir='ltr'>anno</span> <span class='ocrx_word' id='word_1_82' title='bbox 879 1531 1009 1602; x_wconf 84' lang='lat' dir='ltr'>Domini</span> <span class='ocrx_word' id='word_1_83' title='bbox 1030 1533 1112 1603; x_wconf 70' lang='lat' dir='ltr'>¹ldh&#39;l</span> <span class='ocrx_word' id='word_1_84' title='bbox 1135 1544 1190 1618; x_wconf 91' lang='lat' dir='ltr'>;et</span> 
     </span>
     <span class='ocr_line' id='line_1_11' title="bbox 141 1647 823 1740; baseline 0.007 -27"><span class='ocrx_word' id='word_1_85' title='bbox 141 1647 249 1719; x_wconf 88' lang='lat' dir='ltr'>dimisit</span> <span class='ocrx_word' id='word_1_86' title='bbox 266 1650 448 1740; x_wconf 85' lang='lat' dir='ltr'>Philippum</span> <span class='ocrx_word' id='word_1_87' title='bbox 467 1650 570 1718; x_wconf 80' lang='lat' dir='ltr'>fitium</span> <span class='ocrx_word' id='word_1_88' title='bbox 586 1673 683 1718; x_wconf 86' lang='lat' dir='ltr'>suum</span> <span class='ocrx_word' id='word_1_89' title='bbox 702 1673 823 1740; x_wconf 80' lang='lat' dir='ltr'>regem.</span> 
     </span>
    </p>

    <p class='ocr_par' dir='ltr' id='par_1_3' title="bbox 128 1765 1204 4066">
     <span class='ocr_line' id='line_1_12' title="bbox 140 1765 1190 1859; baseline 0.005 -27"><span class='ocrx_word' id='word_1_90' title='bbox 140 1804 144 1810; x_wconf 97' lang='lat'>-</span> <span class='ocrx_word' id='word_1_91' title='bbox 179 1765 229 1833; x_wconf 85' lang='lat' dir='ltr'>Est</span> <span class='ocrx_word' id='word_1_92' title='bbox 244 1765 422 1834; x_wconf 86' lang='lat' dir='ltr'>notandum</span> <span class='ocrx_word' id='word_1_93' title='bbox 443 1767 530 1856; x_wconf 94' lang='lat' dir='ltr'>quod</span> <span class='ocrx_word' id='word_1_94' title='bbox 546 1767 651 1835; x_wconf 88' lang='lat' dir='ltr'>dietus</span> <span class='ocrx_word' id='word_1_95' title='bbox 670 1768 826 1836; x_wconf 84' lang='lat' dir='ltr'>Gerviuus</span> <span class='ocrx_word' id='word_1_96' title='bbox 843 1767 1021 1859; x_wconf 75' lang='lat' dir='ltr'>stepissimo</span> <span class='ocrx_word' id='word_1_97' title='bbox 1039 1767 1190 1837; x_wconf 82' lang='lat' dir='ltr'>visitabat</span> 
     </span>
     <span class='ocr_line' id='line_1_13' title="bbox 143 1879 1188 1974; baseline 0.008 -29"><span class='ocrx_word' id='word_1_98' title='bbox 143 1879 201 1951; x_wconf 89' lang='lat' dir='ltr'>loca</span> <span class='ocrx_word' id='word_1_99' title='bbox 220 1906 309 1953; x_wconf 84' lang='lat' dir='ltr'>sacra</span> <span class='ocrx_word' id='word_1_100' title='bbox 332 1884 421 1971; x_wconf 83' lang='lat' dir='ltr'>regni</span> <span class='ocrx_word' id='word_1_101' title='bbox 441 1885 563 1971; x_wconf 75' lang='lat' dir='ltr'>Angliae</span> <span class='ocrx_word' id='word_1_102' title='bbox 590 1896 621 1953; x_wconf 91' lang='lat' dir='ltr'>et</span> <span class='ocrx_word' id='word_1_103' title='bbox 646 1885 734 1953; x_wconf 76' lang='lat' dir='ltr'>uillas</span> <span class='ocrx_word' id='word_1_104' title='bbox 755 1896 785 1953; x_wconf 88' lang='lat' dir='ltr'>et</span> <span class='ocrx_word' id='word_1_105' title='bbox 810 1885 1027 1974; x_wconf 75' lang='lat' dir='ltr'>possessiones</span> <span class='ocrx_word' id='word_1_106' title='bbox 1049 1896 1188 1968; x_wconf 86' lang='lat' dir='ltr'>nostras,</span> 
     </span>
     <span class='ocr_line' id='line_1_14' title="bbox 139 1998 1191 2090; baseline 0.005 -29"><span class='ocrx_word' id='word_1_107' title='bbox 139 2007 177 2080; x_wconf 82' lang='lat' dir='ltr'>ct,</span> <span class='ocrx_word' id='word_1_108' title='bbox 200 2001 304 2068; x_wconf 90' lang='lat' dir='ltr'>eundo</span> <span class='ocrx_word' id='word_1_109' title='bbox 328 2011 358 2067; x_wconf 85' lang='lat' dir='ltr'>et</span> <span class='ocrx_word' id='word_1_110' title='bbox 378 1999 556 2082; x_wconf 88' lang='lat' dir='ltr'>redeundo,</span> <span class='ocrx_word' id='word_1_111' title='bbox 573 1998 789 2090; x_wconf 86' lang='lat' dir='ltr'>recipiebatur</span> <span class='ocrx_word' id='word_1_112' title='bbox 803 2000 979 2068; x_wconf 82' lang='lat' dir='ltr'>honorifice</span> <span class='ocrx_word' id='word_1_113' title='bbox 995 2022 1013 2068; x_wconf 84' lang='lat' dir='ltr'>a</span> <span class='ocrx_word' id='word_1_114' title='bbox 1030 1999 1191 2069; x_wconf 74' lang='lat' dir='ltr'>hithardo</span> 
     </span>
     <span class='ocr_line' id='line_1_15' title="bbox 140 2115 1191 2206; baseline 0.005 -27"><span class='ocrx_word' id='word_1_115' title='bbox 140 2130 208 2200; x_wconf 77' lang='lat' dir='ltr'>rego</span> <span class='ocrx_word' id='word_1_116' title='bbox 226 2115 358 2202; x_wconf 71' lang='lat' dir='ltr'>hugtiae.</span> <span class='ocrx_word' id='word_1_117' title='bbox 384 2115 508 2183; x_wconf 80' lang='lat' dir='ltr'>Accidit</span> <span class='ocrx_word' id='word_1_118' title='bbox 533 2116 619 2203; x_wconf 91' lang='lat' dir='ltr'>quod</span> <span class='ocrx_word' id='word_1_119' title='bbox 646 2116 716 2205; x_wconf 80' lang='lat' dir='ltr'>ipso</span> <span class='ocrx_word' id='word_1_120' title='bbox 735 2115 935 2203; x_wconf 79' lang='lat' dir='ltr'>ingrediente</span> <span class='ocrx_word' id='word_1_121' title='bbox 959 2115 1116 2206; x_wconf 84' lang='lat' dir='ltr'>palatium</span> <span class='ocrx_word' id='word_1_122' title='bbox 1140 2136 1191 2184; x_wconf 90' lang='lat' dir='ltr'>re·</span> 
     </span>
     <span class='ocr_line' id='line_1_16' title="bbox 135 2226 1193 2336; baseline 0.009 -45"><span class='ocrx_word' id='word_1_123' title='bbox 135 2226 233 2316; x_wconf 79' lang='lat' dir='ltr'>gium,</span> <span class='ocrx_word' id='word_1_124' title='bbox 263 2230 374 2320; x_wconf 83' lang='lat' dir='ltr'>regina</span> <span class='ocrx_word' id='word_1_125' title='bbox 395 2231 482 2298; x_wconf 82' lang='lat' dir='ltr'>vonit</span> <span class='ocrx_word' id='word_1_126' title='bbox 504 2231 681 2299; x_wconf 89' lang='lat' dir='ltr'>inobviam</span> <span class='ocrx_word' id='word_1_127' title='bbox 706 2232 748 2316; x_wconf 90' lang='lat' dir='ltr'>ci,</span> <span class='ocrx_word' id='word_1_128' title='bbox 770 2245 801 2300; x_wconf 89' lang='lat' dir='ltr'>ct</span> <span class='ocrx_word' id='word_1_129' title='bbox 819 2252 908 2300; x_wconf 85' lang='lat' dir='ltr'>more</span> <span class='ocrx_word' id='word_1_130' title='bbox 927 2233 1113 2336; x_wconf 36' lang='lat' dir='ltr'>anglicano)</span> <span class='ocrx_word' id='word_1_131' title='bbox 1134 2253 1193 2323; x_wconf 86' lang='lat' dir='ltr'>per</span> 
     </span>
     <span class='ocr_line' id='line_1_17' title="bbox 132 2339 1193 2434; baseline 0.009 -26"><span class='ocrx_word' id='word_1_132' title='bbox 132 2349 262 2417; x_wconf 91' lang='lat' dir='ltr'>modum</span> <span class='ocrx_word' id='word_1_133' title='bbox 283 2348 497 2432; x_wconf 84' lang='lat' dir='ltr'>salutationis,</span> <span class='ocrx_word' id='word_1_134' title='bbox 518 2339 617 2418; x_wconf 75' lang='lat' dir='ltr'>uoluti</span> <span class='ocrx_word' id='word_1_135' title='bbox 643 2371 717 2417; x_wconf 91' lang='lat' dir='ltr'>eum</span> <span class='ocrx_word' id='word_1_136' title='bbox 741 2349 934 2434; x_wconf 85' lang='lat' dir='ltr'>deosculari,</span> <span class='ocrx_word' id='word_1_137' title='bbox 955 2350 1038 2419; x_wconf 89' lang='lat' dir='ltr'>siout</span> <span class='ocrx_word' id='word_1_138' title='bbox 1056 2361 1105 2419; x_wconf 86' lang='lat' dir='ltr'>est</span> <span class='ocrx_word' id='word_1_139' title='bbox 1122 2371 1193 2420; x_wconf 93' lang='lat' dir='ltr'>mos</span> 
     </span>
     <span class='ocr_line' id='line_1_18' title="bbox 128 2443 1193 2557; baseline 0.009 -31"><span class='ocrx_word' id='word_1_140' title='bbox 128 2465 255 2542; x_wconf 81' lang='lat' dir='ltr'>patriae.</span> <span class='ocrx_word' id='word_1_141' title='bbox 273 2466 383 2534; x_wconf 83' lang='lat' dir='ltr'>Dictus</span> <span class='ocrx_word' id='word_1_142' title='bbox 395 2465 551 2533; x_wconf 80' lang='lat' dir='ltr'>Geminus</span> <span class='ocrx_word' id='word_1_143' title='bbox 565 2465 734 2553; x_wconf 80' lang='lat' dir='ltr'>denegarit</span> <span class='ocrx_word' id='word_1_144' title='bbox 746 2465 776 2534; x_wconf 93' lang='lat' dir='ltr'>ei</span> <span class='ocrx_word' id='word_1_145' title='bbox 793 2467 941 2534; x_wconf 86' lang='lat' dir='ltr'>osculum</span> <span class='ocrx_word' id='word_1_146' title='bbox 955 2443 1056 2556; x_wconf 86' lang='lat' dir='ltr'>pacis,</span> <span class='ocrx_word' id='word_1_147' title='bbox 1074 2487 1111 2535; x_wconf 87' lang='lat' dir='ltr'>ex</span> <span class='ocrx_word' id='word_1_148' title='bbox 1127 2487 1193 2557; x_wconf 88' lang='lat' dir='ltr'>quo</span> 
     </span>
     <span class='ocr_line' id='line_1_19' title="bbox 128 2578 1193 2671; baseline 0.016 -38"><span class='ocrx_word' id='word_1_149' title='bbox 128 2578 259 2648; x_wconf 84' lang='lat' dir='ltr'>turbata</span> <span class='ocrx_word' id='word_1_150' title='bbox 270 2587 319 2649; x_wconf 90' lang='lat' dir='ltr'>cst</span> <span class='ocrx_word' id='word_1_151' title='bbox 335 2592 367 2648; x_wconf 90' lang='lat' dir='ltr'>et</span> <span class='ocrx_word' id='word_1_152' title='bbox 384 2580 542 2669; x_wconf 86' lang='lat' dir='ltr'>reputavit</span> <span class='ocrx_word' id='word_1_153' title='bbox 561 2602 619 2671; x_wconf 92' lang='lat' dir='ltr'>pro</span> <span class='ocrx_word' id='word_1_154' title='bbox 637 2580 776 2649; x_wconf 81' lang='lat' dir='ltr'>maximo</span> <span class='ocrx_word' id='word_1_155' title='bbox 789 2581 976 2667; x_wconf 79' lang='lat' dir='ltr'>schandam,</span> <span class='ocrx_word' id='word_1_156' title='bbox 993 2593 1025 2650; x_wconf 88' lang='lat' dir='ltr'>et</span> <span class='ocrx_word' id='word_1_157' title='bbox 1037 2581 1069 2649; x_wconf 92' lang='lat' dir='ltr'>in</span> <span class='ocrx_word' id='word_1_158' title='bbox 1086 2592 1193 2650; x_wconf 89' lang='lat' dir='ltr'>mento</span> 
     </span>
     <span class='ocr_line' id='line_1_20' title="bbox 128 2696 1195 2788; baseline 0.004 -26"><span class='ocrx_word' id='word_1_159' title='bbox 128 2698 279 2787; x_wconf 62' lang='lat' dir='ltr'>foncepit</span> <span class='ocrx_word' id='word_1_160' title='bbox 297 2708 408 2765; x_wconf 89' lang='lat' dir='ltr'>contra</span> <span class='ocrx_word' id='word_1_161' title='bbox 426 2696 589 2765; x_wconf 91' lang='lat' dir='ltr'>hominem</span> <span class='ocrx_word' id='word_1_162' title='bbox 607 2696 662 2765; x_wconf 85' lang='lat' dir='ltr'>Dei</span> <span class='ocrx_word' id='word_1_163' title='bbox 677 2697 862 2783; x_wconf 83' lang='lat' dir='ltr'>vindictam,</span> <span class='ocrx_word' id='word_1_164' title='bbox 880 2719 913 2766; x_wconf 88' lang='lat' dir='ltr'>se</span> <span class='ocrx_word' id='word_1_165' title='bbox 927 2698 1110 2788; x_wconf 81' lang='lat' dir='ltr'>plangendo</span> <span class='ocrx_word' id='word_1_166' title='bbox 1127 2696 1195 2785; x_wconf 79' lang='lat' dir='ltr'>regi</span> 
     </span>
     <span class='ocr_line' id='line_1_21' title="bbox 128 2811 1193 2903; baseline 0.002 -24"><span class='ocrx_word' id='word_1_167' title='bbox 128 2811 152 2867; x_wconf 64' lang='lat'>³1</span> <span class='ocrx_word' id='word_1_168' title='bbox 181 2813 303 2880; x_wconf 73' lang='lat' dir='ltr'>militiae</span> <span class='ocrx_word' id='word_1_169' title='bbox 329 2813 369 2880; x_wconf 91' lang='lat' dir='ltr'>de</span> <span class='ocrx_word' id='word_1_170' title='bbox 394 2812 448 2899; x_wconf 83' lang='lat' dir='ltr'>tali</span> <span class='ocrx_word' id='word_1_171' title='bbox 473 2812 665 2880; x_wconf 78' lang='lat' dir='ltr'>refutatione</span> <span class='ocrx_word' id='word_1_172' title='bbox 686 2813 828 2903; x_wconf 84' lang='lat' dir='ltr'>publica,</span> <span class='ocrx_word' id='word_1_173' title='bbox 852 2825 881 2881; x_wconf 88' lang='lat' dir='ltr'>et</span> <span class='ocrx_word' id='word_1_174' title='bbox 903 2813 1076 2882; x_wconf 85' lang='lat' dir='ltr'>retardarit</span> <span class='ocrx_word' id='word_1_175' title='bbox 1096 2813 1193 2896; x_wconf 80' lang='lat' dir='ltr'>dorio,</span> 
     </span>
     <span class='ocr_line' id='line_1_22' title="bbox 128 2928 1195 3019; baseline 0.004 -25"><span class='ocrx_word' id='word_1_176' title='bbox 128 2928 368 3019; x_wconf 57' lang='lat' dir='ltr'>›raesupposita</span> <span class='ocrx_word' id='word_1_177' title='bbox 392 2939 423 2996; x_wconf 87' lang='lat' dir='ltr'>et</span> <span class='ocrx_word' id='word_1_178' title='bbox 443 2928 608 3013; x_wconf 85' lang='lat' dir='ltr'>meditata,</span> <span class='ocrx_word' id='word_1_179' title='bbox 629 2950 687 2997; x_wconf 87' lang='lat' dir='ltr'>nec</span> <span class='ocrx_word' id='word_1_180' title='bbox 703 2929 817 2998; x_wconf 90' lang='lat' dir='ltr'>hahuit</span> <span class='ocrx_word' id='word_1_181' title='bbox 836 2941 977 3018; x_wconf 78' lang='lat' dir='ltr'>gratum.</span> <span class='ocrx_word' id='word_1_182' title='bbox 999 2930 1122 3009; x_wconf 81' lang='lat' dir='ltr'>Quibus</span> <span class='ocrx_word' id='word_1_183' title='bbox 1144 2951 1195 2998; x_wconf 90' lang='lat' dir='ltr'>re·</span> 
     </span>
     <span class='ocr_line' id='line_1_23' title="bbox 128 3045 1196 3136; baseline 0.007 -29"><span class='ocrx_word' id='word_1_184' title='bbox 128 3046 332 3130; x_wconf 71' lang='lat' dir='ltr'>consu-uis,</span> <span class='ocrx_word' id='word_1_185' title='bbox 358 3066 418 3135; x_wconf 87' lang='lat' dir='ltr'>per</span> <span class='ocrx_word' id='word_1_186' title='bbox 443 3066 550 3132; x_wconf 78' lang='lat' dir='ltr'>regem</span> <span class='ocrx_word' id='word_1_187' title='bbox 578 3056 609 3112; x_wconf 89' lang='lat' dir='ltr'>ot</span> <span class='ocrx_word' id='word_1_188' title='bbox 633 3045 766 3114; x_wconf 89' lang='lat' dir='ltr'>clericos</span> <span class='ocrx_word' id='word_1_189' title='bbox 787 3047 955 3136; x_wconf 83' lang='lat' dir='ltr'>pacificata</span> <span class='ocrx_word' id='word_1_190' title='bbox 975 3058 1033 3130; x_wconf 87' lang='lat' dir='ltr'>est,</span> <span class='ocrx_word' id='word_1_191' title='bbox 1058 3066 1196 3135; x_wconf 80' lang='lat' dir='ltr'>eognos-</span> 
     </span>
     <span class='ocr_line' id='line_1_24' title="bbox 128 3152 1195 3252; baseline 0.003 -26"><span class='ocrx_word' id='word_1_192' title='bbox 128 3160 238 3229; x_wconf 69' lang='lat' dir='ltr'>&#39;endo</span> <span class='ocrx_word' id='word_1_193' title='bbox 256 3162 343 3252; x_wconf 88' lang='lat' dir='ltr'>quod</span> <span class='ocrx_word' id='word_1_194' title='bbox 366 3152 519 3248; x_wconf 46' lang='lat' dir='ltr'>religiosig</span> <span class='ocrx_word' id='word_1_195' title='bbox 540 3161 695 3251; x_wconf 85' lang='lat' dir='ltr'>episcopi,</span> <span class='ocrx_word' id='word_1_196' title='bbox 717 3163 849 3231; x_wconf 86' lang='lat' dir='ltr'>abbates</span> <span class='ocrx_word' id='word_1_197' title='bbox 877 3174 908 3230; x_wconf 89' lang='lat' dir='ltr'>et</span> <span class='ocrx_word' id='word_1_198' title='bbox 935 3163 1057 3252; x_wconf 73' lang='lat' dir='ltr'>praelati</span> <span class='ocrx_word' id='word_1_199' title='bbox 1077 3161 1195 3231; x_wconf 93' lang='lat' dir='ltr'>mortui</span> 
     </span>
     <span class='ocr_line' id='line_1_25' title="bbox 128 3275 1199 3367; baseline 0.021 -44"><span class='ocrx_word' id='word_1_200' title='bbox 128 3283 215 3343; x_wconf 60' lang='lat' dir='ltr'>erint</span> <span class='ocrx_word' id='word_1_201' title='bbox 228 3277 368 3360; x_wconf 90' lang='lat' dir='ltr'>mnndo;</span> <span class='ocrx_word' id='word_1_202' title='bbox 390 3287 421 3344; x_wconf 90' lang='lat' dir='ltr'>et</span> <span class='ocrx_word' id='word_1_203' title='bbox 437 3275 465 3344; x_wconf 91' lang='lat' dir='ltr'>ei</span> <span class='ocrx_word' id='word_1_204' title='bbox 480 3276 568 3344; x_wconf 88' lang='lat' dir='ltr'>dedit</span> <span class='ocrx_word' id='word_1_205' title='bbox 585 3276 739 3344; x_wconf 89' lang='lat' dir='ltr'>amictum</span> <span class='ocrx_word' id='word_1_206' title='bbox 757 3277 919 3367; x_wconf 83' lang='lat' dir='ltr'>iapidihus</span> <span class='ocrx_word' id='word_1_207' title='bbox 936 3276 1086 3367; x_wconf 88' lang='lat' dir='ltr'>pretiosis</span> <span class='ocrx_word' id='word_1_208' title='bbox 1105 3296 1199 3346; x_wconf 86' lang='lat' dir='ltr'>ornu-</span> 
     </span>
     <span class='ocr_line' id='line_1_26' title="bbox 128 3392 1200 3491; baseline 0.002 -33"><span class='ocrx_word' id='word_1_209' title='bbox 128 3399 221 3477; x_wconf 70' lang='lat' dir='ltr'>ttm,</span> <span class='ocrx_word' id='word_1_210' title='bbox 247 3415 325 3463; x_wconf 84' lang='lat' dir='ltr'>atrro</span> <span class='ocrx_word' id='word_1_211' title='bbox 351 3404 547 3476; x_wconf 83' lang='lat' dir='ltr'>contextum,</span> <span class='ocrx_word' id='word_1_212' title='bbox 575 3392 619 3460; x_wconf 90' lang='lat' dir='ltr'>ita</span> <span class='ocrx_word' id='word_1_213' title='bbox 642 3392 729 3482; x_wconf 92' lang='lat' dir='ltr'>quod</span> <span class='ocrx_word' id='word_1_214' title='bbox 754 3404 887 3462; x_wconf 77' lang='lat' dir='ltr'>nonest</span> <span class='ocrx_word' id='word_1_215' title='bbox 910 3393 1013 3491; x_wconf 82' lang='lat' dir='ltr'>risum</span> <span class='ocrx_word' id='word_1_216' title='bbox 1031 3392 1148 3477; x_wconf 81' lang='lat' dir='ltr'>simite,</span> <span class='ocrx_word' id='word_1_217' title='bbox 1168 3403 1200 3461; x_wconf 92' lang='lat' dir='ltr'>et</span> 
     </span>
     <span class='ocr_line' id='line_1_27' title="bbox 128 3507 1199 3598; baseline -0.005 -18"><span class='ocrx_word' id='word_1_218' title='bbox 128 3509 225 3580; x_wconf 71' lang='lat' dir='ltr'>huod</span> <span class='ocrx_word' id='word_1_219' title='bbox 241 3531 349 3578; x_wconf 88' lang='lat' dir='ltr'>secum</span> <span class='ocrx_word' id='word_1_220' title='bbox 366 3508 494 3591; x_wconf 85' lang='lat' dir='ltr'>detulit,</span> <span class='ocrx_word' id='word_1_221' title='bbox 513 3521 544 3576; x_wconf 90' lang='lat' dir='ltr'>ct</span> <span class='ocrx_word' id='word_1_222' title='bbox 561 3508 593 3574; x_wconf 95' lang='lat' dir='ltr'>in</span> <span class='ocrx_word' id='word_1_223' title='bbox 610 3507 848 3598; x_wconf 81' lang='lat' dir='ltr'>pontificalibus</span> <span class='ocrx_word' id='word_1_224' title='bbox 862 3508 1055 3577; x_wconf 83' lang='lat' dir='ltr'>celebrando</span> <span class='ocrx_word' id='word_1_225' title='bbox 1068 3509 1199 3576; x_wconf 83' lang='lat' dir='ltr'>missam</span> 
     </span>
     <span class='ocr_line' id='line_1_28' title="bbox 128 3622 1200 3716; baseline -0.001 -25"><span class='ocrx_word' id='word_1_226' title='bbox 128 3629 238 3711; x_wconf 73' lang='lat' dir='ltr'>super</span> <span class='ocrx_word' id='word_1_227' title='bbox 254 3638 352 3716; x_wconf 90' lang='lat' dir='ltr'>caput</span> <span class='ocrx_word' id='word_1_228' title='bbox 373 3647 468 3692; x_wconf 92' lang='lat' dir='ltr'>suum</span> <span class='ocrx_word' id='word_1_229' title='bbox 490 3625 599 3715; x_wconf 90' lang='lat' dir='ltr'>posuit</span> <span class='ocrx_word' id='word_1_230' title='bbox 615 3625 739 3692; x_wconf 90' lang='lat' dir='ltr'>dictum</span> <span class='ocrx_word' id='word_1_231' title='bbox 759 3625 928 3709; x_wconf 88' lang='lat' dir='ltr'>amictum,</span> <span class='ocrx_word' id='word_1_232' title='bbox 946 3635 1105 3716; x_wconf 67' lang='lat' dir='ltr'>praesente</span> <span class='ocrx_word' id='word_1_233' title='bbox 1121 3622 1200 3693; x_wconf 81' lang='lat' dir='ltr'>uut-</span> 
     </span>
     <span class='ocr_line' id='line_1_29' title="bbox 129 3725 1202 3833; baseline 0.001 -27"><span class='ocrx_word' id='word_1_234' title='bbox 129 3725 225 3808; x_wconf 70' lang='lat' dir='ltr'>tlonc</span> <span class='ocrx_word' id='word_1_235' title='bbox 245 3744 397 3833; x_wconf 85' lang='lat' dir='ltr'>episcopo</span> <span class='ocrx_word' id='word_1_236' title='bbox 419 3741 639 3825; x_wconf 79' lang='lat' dir='ltr'>hmhiancnsi‚</span> <span class='ocrx_word' id='word_1_237' title='bbox 658 3741 817 3832; x_wconf 88' lang='lat' dir='ltr'>discipulo</span> <span class='ocrx_word' id='word_1_238' title='bbox 840 3740 1040 3829; x_wconf 77' lang='lat' dir='ltr'>ingerranni.</span> <span class='ocrx_word' id='word_1_239' title='bbox 1064 3741 1104 3809; x_wconf 77' lang='lat' dir='ltr'>tn</span> <span class='ocrx_word' id='word_1_240' title='bbox 1124 3738 1202 3830; x_wconf 80' lang='lat' dir='ltr'>quia</span> 
     </span>
     <span class='ocr_line' id='line_1_30' title="bbox 134 3841 1204 3948; baseline 0.001 -22"><span class='ocrx_word' id='word_1_241' title='bbox 134 3841 250 3943; x_wconf 59' lang='lat' dir='ltr'>dictus,</span> <span class='ocrx_word' id='word_1_242' title='bbox 263 3861 369 3930; x_wconf 86' lang='lat' dir='ltr'>Guido</span> <span class='ocrx_word' id='word_1_243' title='bbox 384 3870 454 3928; x_wconf 88' lang='lat' dir='ltr'>erat</span> <span class='ocrx_word' id='word_1_244' title='bbox 470 3860 618 3927; x_wconf 92' lang='lat' dir='ltr'>curiosus</span> <span class='ocrx_word' id='word_1_245' title='bbox 638 3870 670 3926; x_wconf 90' lang='lat' dir='ltr'>et</span> <span class='ocrx_word' id='word_1_246' title='bbox 685 3858 714 3926; x_wconf 89' lang='lat' dir='ltr'>ci</span> <span class='ocrx_word' id='word_1_247' title='bbox 734 3858 903 3948; x_wconf 85' lang='lat' dir='ltr'>placebant</span> <span class='ocrx_word' id='word_1_248' title='bbox 922 3879 1016 3942; x_wconf 84' lang='lat' dir='ltr'>nom,</span> <span class='ocrx_word' id='word_1_249' title='bbox 1036 3855 1204 3947; x_wconf 80' lang='lat' dir='ltr'>requisivit</span> 
     </span>
     <span class='ocr_line' id='line_1_31' title="bbox 139 3957 1203 4066; baseline 0.003 -29"><span class='ocrx_word' id='word_1_250' title='bbox 139 3957 296 4047; x_wconf 79' lang='lat' dir='ltr'>instanter</span> <span class='ocrx_word' id='word_1_251' title='bbox 316 3978 440 4048; x_wconf 89' lang='lat' dir='ltr'>dictum</span> <span class='ocrx_word' id='word_1_252' title='bbox 463 3976 618 4044; x_wconf 88' lang='lat' dir='ltr'>amictum</span> <span class='ocrx_word' id='word_1_253' title='bbox 636 3996 654 4042; x_wconf 86' lang='lat' dir='ltr'>a</span> <span class='ocrx_word' id='word_1_254' title='bbox 677 3974 833 4066; x_wconf 74' lang='lat' dir='ltr'>predicto</span> <span class='ocrx_word' id='word_1_255' title='bbox 849 3973 999 4059; x_wconf 81' lang='lat' dir='ltr'>Gemino,</span> <span class='ocrx_word' id='word_1_256' title='bbox 1019 3973 1077 4065; x_wconf 83' lang='lat' dir='ltr'>qui</span> <span class='ocrx_word' id='word_1_257' title='bbox 1092 3972 1120 4041; x_wconf 89' lang='lat' dir='ltr'>ci</span> <span class='ocrx_word' id='word_1_258' title='bbox 1139 3992 1203 4041; x_wconf 92' lang='lat' dir='ltr'>non</span> 
     </span>
    </p>
   </div>
   <div class='ocr_carea' id='block_1_3' title="bbox 0 0 1363 4854">
    <p class='ocr_par' dir='ltr' id='par_1_4' title="bbox 0 0 1363 4854">
     <span class='ocr_line' id='line_1_32' title="bbox 0 0 1363 4854; baseline 0 0"><span class='ocrx_word' id='word_1_259' title='bbox 0 0 1363 4854; x_wconf 95' lang='lat' dir='ltr'> </span> 
     </span>
    </p>
   </div>
  </div>
 </body>
</html>
