<?xml version="1.0" encoding="UTF-8"?>
<!DOCTYPE html PUBLIC "-//W3C//DTD XHTML 1.0 Transitional//EN"
    "http://www.w3.org/TR/xhtml1/DTD/xhtml1-transitional.dtd">
<html xmlns="http://www.w3.org/1999/xhtml" xml:lang="en" lang="en">
 <head>
  <title>
</title>
<meta http-equiv="Content-Type" content="text/html;charset=utf-8" />
  <meta name='ocr-system' content='tesseract 3.04.00' />
  <meta name='ocr-capabilities' content='ocr_page ocr_carea ocr_par ocr_line ocrx_word'/>
</head>
<body>
  <div class='ocr_page' id='page_1' title='image "./cronicaabbrevia00joangoog_0064.png"; bbox 0 0 2708 4854; ppageno 0'>
   <div class='ocr_carea' id='block_1_1' title="bbox 472 411 649 480">
    <p class='ocr_par' dir='ltr' id='par_1_1' title="bbox 472 411 649 480">
     <span class='ocr_line' id='line_1_1' title="bbox 472 411 649 480; baseline -0.017 -17"><span class='ocrx_word' id='word_1_1' title='bbox 472 411 649 480; x_wconf 63' lang='lat' dir='ltr'>-ffl—</span> 
     </span>
    </p>
   </div>
   <div class='ocr_carea' id='block_1_2' title="bbox 10 573 1169 4044">
    <p class='ocr_par' dir='ltr' id='par_1_2' title="bbox 10 573 1169 4044">
     <span class='ocr_line' id='line_1_2' title="bbox 29 573 1095 664; baseline -0.008 -16"><span class='ocrx_word' id='word_1_2' title='bbox 29 600 195 648; x_wconf 89' lang='lat' dir='ltr'>successor</span> <span class='ocrx_word' id='word_1_3' title='bbox 214 589 243 645; x_wconf 90' lang='lat' dir='ltr'>et</span> <span class='ocrx_word' id='word_1_4' title='bbox 260 575 366 645; x_wconf 91' lang='lat' dir='ltr'>dictus</span> <span class='ocrx_word' id='word_1_5' title='bbox 386 575 542 643; x_wconf 84' lang='lat' dir='ltr'>Charolus</span> <span class='ocrx_word' id='word_1_6' title='bbox 559 595 695 662; x_wconf 87' lang='lat' dir='ltr'>magnus</span> <span class='ocrx_word' id='word_1_7' title='bbox 716 595 775 664; x_wconf 91' lang='lat' dir='ltr'>per</span> <span class='ocrx_word' id='word_1_8' title='bbox 789 573 912 641; x_wconf 91' lang='lat' dir='ltr'>dictum</span> <span class='ocrx_word' id='word_1_9' title='bbox 928 573 1095 660; x_wconf 81' lang='lat' dir='ltr'>Angilber-</span> 
     </span>
     <span class='ocr_line' id='line_1_3' title="bbox 30 674 1094 780; baseline -0.008 -17"><span class='ocrx_word' id='word_1_10' title='bbox 30 708 94 764; x_wconf 91' lang='lat' dir='ltr'>tum</span> <span class='ocrx_word' id='word_1_11' title='bbox 118 694 208 762; x_wconf 85' lang='lat' dir='ltr'>misit</span> <span class='ocrx_word' id='word_1_12' title='bbox 228 693 338 761; x_wconf 88' lang='lat' dir='ltr'>Romae</span> <span class='ocrx_word' id='word_1_13' title='bbox 362 691 503 759; x_wconf 88' lang='lat' dir='ltr'>infinitas</span> <span class='ocrx_word' id='word_1_14' title='bbox 531 674 686 780; x_wconf 72' lang='lat' dir='ltr'>pecunias</span> <span class='ocrx_word' id='word_1_15' title='bbox 710 711 770 780; x_wconf 91' lang='lat' dir='ltr'>pro</span> <span class='ocrx_word' id='word_1_16' title='bbox 798 689 994 758; x_wconf 82' lang='lat' dir='ltr'>deffensione</span> <span class='ocrx_word' id='word_1_17' title='bbox 1018 688 1094 757; x_wconf 85' lang='lat' dir='ltr'>fidei</span> 
     </span>
     <span class='ocr_line' id='line_1_4' title="bbox 31 806 1095 896; baseline -0.006 -17"><span class='ocrx_word' id='word_1_18' title='bbox 31 811 206 895; x_wconf 75' lang='lat' dir='ltr'>catholica,</span> <span class='ocrx_word' id='word_1_19' title='bbox 225 810 294 894; x_wconf 90' lang='lat' dir='ltr'>sed,</span> <span class='ocrx_word' id='word_1_20' title='bbox 316 809 414 876; x_wconf 84' lang='lat' dir='ltr'>livore</span> <span class='ocrx_word' id='word_1_21' title='bbox 435 818 464 875; x_wconf 91' lang='lat' dir='ltr'>et</span> <span class='ocrx_word' id='word_1_22' title='bbox 485 806 605 874; x_wconf 85' lang='lat' dir='ltr'>invidia</span> <span class='ocrx_word' id='word_1_23' title='bbox 625 807 857 891; x_wconf 85' lang='lat' dir='ltr'>Romanorum,</span> <span class='ocrx_word' id='word_1_24' title='bbox 886 807 992 874; x_wconf 89' lang='lat' dir='ltr'>dictus</span> <span class='ocrx_word' id='word_1_25' title='bbox 1011 827 1095 896; x_wconf 91' lang='lat' dir='ltr'>papa</span> 
     </span>
     <span class='ocr_line' id='line_1_5' title="bbox 34 922 1169 1016; baseline -0.004 -21"><span class='ocrx_word' id='word_1_26' title='bbox 34 928 92 995; x_wconf 89' lang='lat' dir='ltr'>Leo</span> <span class='ocrx_word' id='word_1_27' title='bbox 104 927 361 1016; x_wconf 85' lang='lat' dir='ltr'>expulsus&#39;estet</span> <span class='ocrx_word' id='word_1_28' title='bbox 371 923 493 1012; x_wconf 89' lang='lat' dir='ltr'>ejectus</span> <span class='ocrx_word' id='word_1_29' title='bbox 506 922 606 991; x_wconf 90' lang='lat' dir='ltr'>asede</span> <span class='ocrx_word' id='word_1_30' title='bbox 617 924 791 1012; x_wconf 89' lang='lat' dir='ltr'>apostolica</span> <span class='ocrx_word' id='word_1_31' title='bbox 804 933 835 991; x_wconf 89' lang='lat' dir='ltr'>et</span> <span class='ocrx_word' id='word_1_32' title='bbox 849 945 908 1013; x_wconf 92' lang='lat' dir='ltr'>per</span> <span class='ocrx_word' id='word_1_33' title='bbox 921 923 1094 991; x_wconf 65' lang='lat' dir='ltr'>Char‘otum</span> <span class='ocrx_word' id='word_1_34' title='bbox 1164 966 1169 972; x_wconf 93' lang='lat'><em>-</em></span> 
     </span>
     <span class='ocr_line' id='line_1_6' title="bbox 35 1037 1093 1131; baseline -0.006 -21"><span class='ocrx_word' id='word_1_35' title='bbox 35 1063 197 1130; x_wconf 87' lang='lat' dir='ltr'>magnum,</span> <span class='ocrx_word' id='word_1_36' title='bbox 226 1050 374 1131; x_wconf 75' lang='lat' dir='ltr'>presente</span> <span class='ocrx_word' id='word_1_37' title='bbox 399 1048 509 1106; x_wconf 91' lang='lat' dir='ltr'>sancto</span> <span class='ocrx_word' id='word_1_38' title='bbox 535 1037 722 1125; x_wconf 77' lang='lat' dir='ltr'>Angitherto</span> <span class='ocrx_word' id='word_1_39' title='bbox 748 1038 780 1104; x_wconf 94' lang='lat' dir='ltr'>in</span> <span class='ocrx_word' id='word_1_40' title='bbox 810 1059 874 1127; x_wconf 88' lang='lat' dir='ltr'>quo</span> <span class='ocrx_word' id='word_1_41' title='bbox 899 1038 1093 1122; x_wconf 83' lang='lat' dir='ltr'>confidebat,</span> 
     </span>
     <span class='ocr_line' id='line_1_7' title="bbox 36 1155 1095 1246; baseline -0.001 -20"><span class='ocrx_word' id='word_1_42' title='bbox 36 1171 229 1228; x_wconf 83' lang='lat' dir='ltr'>restauratus</span> <span class='ocrx_word' id='word_1_43' title='bbox 242 1170 290 1227; x_wconf 85' lang='lat' dir='ltr'>est</span> <span class='ocrx_word' id='word_1_44' title='bbox 302 1158 335 1224; x_wconf 92' lang='lat' dir='ltr'>in</span> <span class='ocrx_word' id='word_1_45' title='bbox 350 1157 487 1244; x_wconf 84' lang='lat' dir='ltr'>gradum</span> <span class='ocrx_word' id='word_1_46' title='bbox 499 1155 672 1245; x_wconf 84' lang='lat' dir='ltr'>pristinum</span> <span class='ocrx_word' id='word_1_47' title='bbox 684 1178 692 1238; x_wconf 89' lang='grc'>;</span> <span class='ocrx_word' id='word_1_48' title='bbox 709 1157 871 1224; x_wconf 87' lang='lat' dir='ltr'>etelectus</span> <span class='ocrx_word' id='word_1_49' title='bbox 884 1166 932 1224; x_wconf 91' lang='lat' dir='ltr'>est</span> <span class='ocrx_word' id='word_1_50' title='bbox 945 1178 962 1223; x_wconf 92' lang='lat' dir='ltr'>a</span> <span class='ocrx_word' id='word_1_51' title='bbox 975 1157 1095 1246; x_wconf 94' lang='lat' dir='ltr'>populo</span> 
     </span>
     <span class='ocr_line' id='line_1_8' title="bbox 38 1273 1095 1366; baseline -0.002 -23"><span class='ocrx_word' id='word_1_52' title='bbox 38 1297 163 1345; x_wconf 89' lang='lat' dir='ltr'>romano</span> <span class='ocrx_word' id='word_1_53' title='bbox 191 1277 369 1366; x_wconf 84' lang='lat' dir='ltr'>imperator</span> <span class='ocrx_word' id='word_1_54' title='bbox 395 1273 626 1341; x_wconf 88' lang='lat' dir='ltr'>Romanorum.</span> <span class='ocrx_word' id='word_1_55' title='bbox 658 1273 697 1339; x_wconf 86' lang='lat' dir='ltr'>Et</span> <span class='ocrx_word' id='word_1_56' title='bbox 726 1294 785 1362; x_wconf 89' lang='lat' dir='ltr'>per</span> <span class='ocrx_word' id='word_1_57' title='bbox 808 1273 930 1340; x_wconf 90' lang='lat' dir='ltr'>dictum</span> <span class='ocrx_word' id='word_1_58' title='bbox 956 1275 1095 1342; x_wconf 87' lang='lat' dir='ltr'>Leonem</span> 
     </span>
     <span class='ocr_line' id='line_1_9' title="bbox 40 1388 1096 1484; baseline -0.002 -24"><span class='ocrx_word' id='word_1_59' title='bbox 40 1415 146 1484; x_wconf 89' lang='lat' dir='ltr'>papam</span> <span class='ocrx_word' id='word_1_60' title='bbox 175 1403 349 1462; x_wconf 91' lang='lat' dir='ltr'>coronatus</span> <span class='ocrx_word' id='word_1_61' title='bbox 380 1402 428 1458; x_wconf 89' lang='lat' dir='ltr'>est</span> <span class='ocrx_word' id='word_1_62' title='bbox 453 1389 564 1456; x_wconf 88' lang='lat' dir='ltr'>eadem</span> <span class='ocrx_word' id='word_1_63' title='bbox 590 1388 655 1473; x_wconf 90' lang='lat' dir='ltr'>dic,</span> <span class='ocrx_word' id='word_1_64' title='bbox 679 1398 710 1455; x_wconf 91' lang='lat' dir='ltr'>et</span> <span class='ocrx_word' id='word_1_65' title='bbox 732 1389 872 1457; x_wconf 90' lang='lat' dir='ltr'>indicta</span> <span class='ocrx_word' id='word_1_66' title='bbox 894 1389 1096 1458; x_wconf 75' lang='lat' dir='ltr'>solemnitate</span> 
     </span>
     <span class='ocr_line' id='line_1_10' title="bbox 42 1504 1097 1597; baseline -0.003 -21"><span class='ocrx_word' id='word_1_67' title='bbox 42 1508 135 1577; x_wconf 90' lang='lat' dir='ltr'>dictus</span> <span class='ocrx_word' id='word_1_68' title='bbox 149 1520 281 1578; x_wconf 92' lang='lat' dir='ltr'>sanctus</span> <span class='ocrx_word' id='word_1_69' title='bbox 301 1507 506 1595; x_wconf 82' lang='lat' dir='ltr'>Angitbortus</span> <span class='ocrx_word' id='word_1_70' title='bbox 524 1504 707 1593; x_wconf 88' lang='lat' dir='ltr'>impetrarit</span> <span class='ocrx_word' id='word_1_71' title='bbox 726 1506 962 1595; x_wconf 84' lang='lat' dir='ltr'>exemptionem</span> <span class='ocrx_word' id='word_1_72' title='bbox 983 1519 1014 1574; x_wconf 90' lang='lat' dir='ltr'>et</span> <span class='ocrx_word' id='word_1_73' title='bbox 1033 1507 1097 1597; x_wconf 90' lang='lat' dir='ltr'>pri-</span> 
     </span>
     <span class='ocr_line' id='line_1_11' title="bbox 45 1622 1160 1714; baseline -0.002 -22"><span class='ocrx_word' id='word_1_74' title='bbox 45 1625 180 1714; x_wconf 73' lang='lat' dir='ltr'>vilegium</span> <span class='ocrx_word' id='word_1_75' title='bbox 208 1625 326 1708; x_wconf 86' lang='lat' dir='ltr'>mitrae,</span> <span class='ocrx_word' id='word_1_76' title='bbox 352 1622 547 1707; x_wconf 84' lang='lat' dir='ltr'>sandalium,</span> <span class='ocrx_word' id='word_1_77' title='bbox 578 1622 689 1689; x_wconf 89' lang='lat' dir='ltr'>annuli</span> <span class='ocrx_word' id='word_1_78' title='bbox 709 1633 740 1689; x_wconf 89' lang='lat' dir='ltr'>et</span> <span class='ocrx_word' id='word_1_79' title='bbox 768 1622 905 1691; x_wconf 90' lang='lat' dir='ltr'>aliorum</span> <span class='ocrx_word' id='word_1_80' title='bbox 927 1622 1096 1712; x_wconf 77' lang='lat' dir='ltr'>pontifice·</span> <span class='ocrx_word' id='word_1_81' title='bbox 1142 1664 1160 1679; x_wconf 81' lang='lat'>··</span> 
     </span>
     <span class='ocr_line' id='line_1_12' title="bbox 47 1739 1096 1830; baseline 0.001 -24"><span class='ocrx_word' id='word_1_82' title='bbox 47 1741 124 1819; x_wconf 78' lang='lat' dir='ltr'>lium,</span> <span class='ocrx_word' id='word_1_83' title='bbox 138 1764 175 1810; x_wconf 91' lang='lat' dir='ltr'>ex</span> <span class='ocrx_word' id='word_1_84' title='bbox 192 1763 353 1810; x_wconf 90' lang='lat' dir='ltr'>consensu</span> <span class='ocrx_word' id='word_1_85' title='bbox 366 1742 455 1810; x_wconf 85' lang='lat' dir='ltr'>Jesse</span> <span class='ocrx_word' id='word_1_86' title='bbox 476 1753 552 1808; x_wconf 89' lang='lat' dir='ltr'>tuuc</span> <span class='ocrx_word' id='word_1_87' title='bbox 567 1739 709 1830; x_wconf 82' lang='lat' dir='ltr'>episcopi</span> <span class='ocrx_word' id='word_1_88' title='bbox 725 1739 887 1806; x_wconf 83' lang='lat' dir='ltr'>Ambiani,</span> <span class='ocrx_word' id='word_1_89' title='bbox 908 1740 1029 1807; x_wconf 87' lang='lat' dir='ltr'>Eadem</span> <span class='ocrx_word' id='word_1_90' title='bbox 1043 1739 1096 1807; x_wconf 89' lang='lat' dir='ltr'>die</span> 
     </span>
     <span class='ocr_line' id='line_1_13' title="bbox 50 1858 1098 1948; baseline 0.001 -24"><span class='ocrx_word' id='word_1_91' title='bbox 50 1858 136 1928; x_wconf 87' lang='lat' dir='ltr'>dictus</span> <span class='ocrx_word' id='word_1_92' title='bbox 153 1860 311 1928; x_wconf 78' lang='lat' dir='ltr'>Chorotus</span> <span class='ocrx_word' id='word_1_93' title='bbox 326 1881 464 1948; x_wconf 80' lang='lat' dir='ltr'>magnus</span> <span class='ocrx_word' id='word_1_94' title='bbox 484 1858 631 1948; x_wconf 78' lang='lat' dir='ltr'>aDjuuxit</span> <span class='ocrx_word' id='word_1_95' title='bbox 653 1858 729 1926; x_wconf 89' lang='lat' dir='ltr'>huic</span> <span class='ocrx_word' id='word_1_96' title='bbox 751 1858 893 1926; x_wconf 68' lang='lat' dir='ltr'>ccclesiae</span> <span class='ocrx_word' id='word_1_97' title='bbox 919 1865 1020 1926; x_wconf 87' lang='lat' dir='ltr'>sancti</span> <span class='ocrx_word' id='word_1_98' title='bbox 1046 1858 1098 1927; x_wconf 85' lang='lat' dir='ltr'>Ri-</span> 
     </span>
     <span class='ocr_line' id='line_1_14' title="bbox 53 1975 1096 2046; baseline 0.002 -5"><span class='ocrx_word' id='word_1_99' title='bbox 53 1975 134 2044; x_wconf 84' lang='lat' dir='ltr'>charii</span> <span class='ocrx_word' id='word_1_100' title='bbox 153 1977 338 2046; x_wconf 84' lang='lat' dir='ltr'>coenobium</span> <span class='ocrx_word' id='word_1_101' title='bbox 366 1986 397 2044; x_wconf 91' lang='lat' dir='ltr'>et</span> <span class='ocrx_word' id='word_1_102' title='bbox 420 1976 652 2044; x_wconf 89' lang='lat' dir='ltr'>monasterium</span> <span class='ocrx_word' id='word_1_103' title='bbox 680 1975 997 2044; x_wconf 81' lang='lat' dir='ltr'>Dorestemonastcrii</span> <span class='ocrx_word' id='word_1_104' title='bbox 1022 1999 1096 2044; x_wconf 92' lang='lat' dir='ltr'>cum</span> 
     </span>
     <span class='ocr_line' id='line_1_15' title="bbox 56 2091 1096 2183; baseline 0.004 -27"><span class='ocrx_word' id='word_1_105' title='bbox 56 2091 105 2160; x_wconf 87' lang='lat' dir='ltr'>suis</span> <span class='ocrx_word' id='word_1_106' title='bbox 120 2093 320 2183; x_wconf 89' lang='lat' dir='ltr'>appendiciis</span> <span class='ocrx_word' id='word_1_107' title='bbox 340 2093 510 2176; x_wconf 86' lang='lat' dir='ltr'>universis,</span> <span class='ocrx_word' id='word_1_108' title='bbox 534 2093 716 2182; x_wconf 78' lang='lat' dir='ltr'>specialiter</span> <span class='ocrx_word' id='word_1_109' title='bbox 735 2094 841 2182; x_wconf 88' lang='lat' dir='ltr'>quoad</span> <span class='ocrx_word' id='word_1_110' title='bbox 862 2093 1096 2162; x_wconf 86' lang='lat' dir='ltr'>institutionem</span> 
     </span>
     <span class='ocr_line' id='line_1_16' title="bbox 10 2209 1098 2300; baseline 0.001 -25"><span class='ocrx_word' id='word_1_111' title='bbox 10 2270 12 2275; x_wconf 89' lang='lat'><em>.</em></span> <span class='ocrx_word' id='word_1_112' title='bbox 58 2218 80 2273; x_wconf 89' lang='lat' dir='ltr'>ct</span> <span class='ocrx_word' id='word_1_113' title='bbox 93 2209 271 2279; x_wconf 80' lang='lat' dir='ltr'>eiectionem</span> <span class='ocrx_word' id='word_1_114' title='bbox 295 2220 460 2299; x_wconf 88' lang='lat' dir='ltr'>pastorum</span> <span class='ocrx_word' id='word_1_115' title='bbox 483 2221 514 2277; x_wconf 86' lang='lat' dir='ltr'>ct</span> <span class='ocrx_word' id='word_1_116' title='bbox 535 2209 701 2292; x_wconf 89' lang='lat' dir='ltr'>abbatum,</span> <span class='ocrx_word' id='word_1_117' title='bbox 724 2209 808 2276; x_wconf 89' lang='lat' dir='ltr'>sicut</span> <span class='ocrx_word' id='word_1_118' title='bbox 827 2209 922 2276; x_wconf 89' lang='lat' dir='ltr'>latius</span> <span class='ocrx_word' id='word_1_119' title='bbox 938 2221 1026 2300; x_wconf 87' lang='lat' dir='ltr'>patet</span> <span class='ocrx_word' id='word_1_120' title='bbox 1040 2232 1098 2299; x_wconf 89' lang='lat' dir='ltr'>per</span> 
     </span>
     <span class='ocr_line' id='line_1_17' title="bbox 10 2318 1096 2417; baseline 0.004 -29"><span class='ocrx_word' id='word_1_121' title='bbox 10 2318 14 2339; x_wconf 69' lang='lat'><em>³</em></span> <span class='ocrx_word' id='word_1_122' title='bbox 59 2323 151 2414; x_wconf 91' lang='lat' dir='ltr'>scripta</span> <span class='ocrx_word' id='word_1_123' title='bbox 172 2325 349 2417; x_wconf 87' lang='lat' dir='ltr'>apostolica</span> <span class='ocrx_word' id='word_1_124' title='bbox 374 2347 472 2414; x_wconf 89' lang='lat' dir='ltr'>super</span> <span class='ocrx_word' id='word_1_125' title='bbox 500 2325 539 2393; x_wconf 94' lang='lat' dir='ltr'>iis</span> <span class='ocrx_word' id='word_1_126' title='bbox 565 2326 726 2408; x_wconf 79' lang='lat' dir='ltr'>coniecta,</span> <span class='ocrx_word' id='word_1_127' title='bbox 753 2347 830 2393; x_wconf 87' lang='lat' dir='ltr'>sana</span> <span class='ocrx_word' id='word_1_128' title='bbox 858 2337 890 2394; x_wconf 89' lang='lat' dir='ltr'>et</span> <span class='ocrx_word' id='word_1_129' title='bbox 915 2325 1040 2414; x_wconf 83' lang='lat' dir='ltr'>integra</span> <span class='ocrx_word' id='word_1_130' title='bbox 1064 2325 1096 2393; x_wconf 93' lang='lat' dir='ltr'>in</span> 
     </span>
     <span class='ocr_line' id='line_1_18' title="bbox 60 2421 1098 2528; baseline 0.006 -27"><span class='ocrx_word' id='word_1_131' title='bbox 60 2435 244 2507; x_wconf 84' lang='lat' dir='ltr'>thesauriaria</span> <span class='ocrx_word' id='word_1_132' title='bbox 263 2439 361 2527; x_wconf 88' lang='lat' dir='ltr'>hujus</span> <span class='ocrx_word' id='word_1_133' title='bbox 382 2439 533 2508; x_wconf 87' lang='lat' dir='ltr'>coenobii.</span> <span class='ocrx_word' id='word_1_134' title='bbox 557 2439 596 2506; x_wconf 85' lang='lat' dir='ltr'>Et</span> <span class='ocrx_word' id='word_1_135' title='bbox 615 2461 700 2507; x_wconf 91' lang='lat' dir='ltr'>anno</span> <span class='ocrx_word' id='word_1_136' title='bbox 722 2439 850 2507; x_wconf 89' lang='lat' dir='ltr'>Domini</span> <span class='ocrx_word' id='word_1_137' title='bbox 873 2421 965 2524; x_wconf 61' lang='lat'><strong>81‘40,</strong></span> <span class='ocrx_word' id='word_1_138' title='bbox 984 2440 1098 2528; x_wconf 88' lang='lat' dir='ltr'>quinto</span> 
     </span>
     <span class='ocr_line' id='line_1_19' title="bbox 61 2552 1098 2641; baseline 0.008 -25"><span class='ocrx_word' id='word_1_139' title='bbox 61 2552 179 2625; x_wconf 88' lang='lat' dir='ltr'>calendas</span> <span class='ocrx_word' id='word_1_140' title='bbox 194 2557 364 2641; x_wconf 79' lang='lat' dir='ltr'>februarii,</span> <span class='ocrx_word' id='word_1_141' title='bbox 383 2557 468 2624; x_wconf 89' lang='lat' dir='ltr'>diem</span> <span class='ocrx_word' id='word_1_142' title='bbox 491 2556 605 2624; x_wconf 88' lang='lat' dir='ltr'>clausit</span> <span class='ocrx_word' id='word_1_143' title='bbox 625 2567 800 2624; x_wconf 77' lang='lat' dir='ltr'>extremam</span> <span class='ocrx_word' id='word_1_144' title='bbox 819 2555 924 2624; x_wconf 90' lang='lat' dir='ltr'>dictus</span> <span class='ocrx_word' id='word_1_145' title='bbox 942 2555 1098 2624; x_wconf 86' lang='lat' dir='ltr'>Charolus</span> 
     </span>
     <span class='ocr_line' id='line_1_20' title="bbox 61 2671 1097 2763; baseline 0.004 -28"><span class='ocrx_word' id='word_1_146' title='bbox 61 2686 180 2758; x_wconf 73' lang='lat' dir='ltr'>magnus</span> <span class='ocrx_word' id='word_1_147' title='bbox 198 2685 371 2763; x_wconf 89' lang='lat' dir='ltr'>postquam</span> <span class='ocrx_word' id='word_1_148' title='bbox 392 2683 582 2760; x_wconf 80' lang='lat' dir='ltr'>regnaverat</span> <span class='ocrx_word' id='word_1_149' title='bbox 602 2671 765 2757; x_wconf 78' lang='lat' dir='ltr'>mannis,</span> <span class='ocrx_word' id='word_1_150' title='bbox 787 2683 819 2740; x_wconf 94' lang='lat' dir='ltr'>et</span> <span class='ocrx_word' id='word_1_151' title='bbox 837 2673 981 2761; x_wconf 87' lang='lat' dir='ltr'>sepultus</span> <span class='ocrx_word' id='word_1_152' title='bbox 998 2684 1046 2741; x_wconf 85' lang='lat' dir='ltr'>est</span> <span class='ocrx_word' id='word_1_153' title='bbox 1065 2672 1097 2739; x_wconf 92' lang='lat' dir='ltr'>in</span> 
     </span>
     <span class='ocr_line' id='line_1_21' title="bbox 62 2787 1118 2880; baseline 0.008 -29"><span class='ocrx_word' id='word_1_154' title='bbox 62 2787 165 2858; x_wconf 79' lang='lat' dir='ltr'>ecclesia</span> <span class='ocrx_word' id='word_1_155' title='bbox 183 2791 287 2859; x_wconf 75' lang='lat' dir='ltr'>beata,</span> <span class='ocrx_word' id='word_1_156' title='bbox 307 2790 414 2858; x_wconf 87' lang='lat' dir='ltr'>Mariae</span> <span class='ocrx_word' id='word_1_157' title='bbox 433 2790 472 2858; x_wconf 92' lang='lat' dir='ltr'>de</span> <span class='ocrx_word' id='word_1_158' title='bbox 498 2791 559 2880; x_wconf 72' lang='lat' dir='ltr'>Aps</span> <span class='ocrx_word' id='word_1_159' title='bbox 577 2790 611 2857; x_wconf 93' lang='lat' dir='ltr'>in</span> <span class='ocrx_word' id='word_1_160' title='bbox 630 2791 809 2876; x_wconf 66' lang='lat' dir='ltr'>Ammonia,</span> <span class='ocrx_word' id='word_1_161' title='bbox 832 2791 866 2859; x_wconf 90' lang='lat' dir='ltr'>iu</span> <span class='ocrx_word' id='word_1_162' title='bbox 886 2792 1026 2880; x_wconf 88' lang='lat' dir='ltr'>quadam</span> <span class='ocrx_word' id='word_1_163' title='bbox 1045 2790 1118 2860; x_wconf 56' lang='lat' dir='ltr'>cu?</span> 
     </span>
     <span class='ocr_line' id='line_1_22' title="bbox 62 2892 1096 2996; baseline 0.007 -28"><span class='ocrx_word' id='word_1_164' title='bbox 62 2901 120 2986; x_wconf 84' lang='lat' dir='ltr'>pctta</span> <span class='ocrx_word' id='word_1_165' title='bbox 136 2928 232 2996; x_wconf 88' lang='lat' dir='ltr'>quam</span> <span class='ocrx_word' id='word_1_166' title='bbox 253 2918 475 2975; x_wconf 83' lang='lat' dir='ltr'>construxerat</span> <span class='ocrx_word' id='word_1_167' title='bbox 492 2906 524 2974; x_wconf 89' lang='lat' dir='ltr'>in</span> <span class='ocrx_word' id='word_1_168' title='bbox 540 2907 696 2975; x_wconf 89' lang='lat' dir='ltr'>honorem</span> <span class='ocrx_word' id='word_1_169' title='bbox 712 2892 814 2973; x_wconf 69' lang='lat' dir='ltr'>beatae</span> <span class='ocrx_word' id='word_1_170' title='bbox 829 2906 1096 2994; x_wconf 58' lang='lat' dir='ltr'>claricaturam,</span> 
     </span>
     <span class='ocr_line' id='line_1_23' title="bbox 64 3010 1098 3111; baseline 0.003 -26"><span class='ocrx_word' id='word_1_171' title='bbox 64 3010 85 3080; x_wconf 78' lang='grc'>11</span> <span class='ocrx_word' id='word_1_172' title='bbox 94 3021 218 3106; x_wconf 89' lang='lat' dir='ltr'>quodam</span> <span class='ocrx_word' id='word_1_173' title='bbox 240 3021 364 3090; x_wconf 87' lang='lat' dir='ltr'>tumulo</span> <span class='ocrx_word' id='word_1_174' title='bbox 383 3042 566 3089; x_wconf 89' lang='lat' dir='ltr'>marmoreo</span> <span class='ocrx_word' id='word_1_175' title='bbox 586 3021 754 3105; x_wconf 90' lang='lat' dir='ltr'>deaurato,</span> <span class='ocrx_word' id='word_1_176' title='bbox 770 3020 802 3087; x_wconf 91' lang='lat' dir='ltr'>in</span> <span class='ocrx_word' id='word_1_177' title='bbox 818 3019 912 3109; x_wconf 86' lang='lat' dir='ltr'>cujus</span> <span class='ocrx_word' id='word_1_178' title='bbox 927 3020 1098 3111; x_wconf 83' lang='lat' dir='ltr'>superficie</span> 
     </span>
     <span class='ocr_line' id='line_1_24' title="bbox 63 3135 1099 3226; baseline 0.006 -26"><span class='ocrx_word' id='word_1_179' title='bbox 63 3135 167 3226; x_wconf 74' lang='lat' dir='ltr'>exejus</span> <span class='ocrx_word' id='word_1_180' title='bbox 188 3137 295 3226; x_wconf 79' lang='lat' dir='ltr'>imago</span> <span class='ocrx_word' id='word_1_181' title='bbox 312 3138 424 3206; x_wconf 84' lang='lat' dir='ltr'>vestita</span> <span class='ocrx_word' id='word_1_182' title='bbox 443 3137 639 3206; x_wconf 85' lang='lat' dir='ltr'>vestimentis</span> <span class='ocrx_word' id='word_1_183' title='bbox 665 3136 882 3226; x_wconf 87' lang='lat' dir='ltr'>imperatoriis</span> <span class='ocrx_word' id='word_1_184' title='bbox 900 3160 974 3206; x_wconf 93' lang='lat' dir='ltr'>cum</span> <span class='ocrx_word' id='word_1_185' title='bbox 991 3137 1099 3206; x_wconf 87' lang='lat' dir='ltr'>diade-</span> 
     </span>
     <span class='ocr_line' id='line_1_25' title="bbox 64 3254 1153 3338; baseline 0.007 -24"><span class='ocrx_word' id='word_1_186' title='bbox 64 3260 281 3338; x_wconf 72' lang='lat' dir='ltr'>aureamento,</span> <span class='ocrx_word' id='word_1_187' title='bbox 306 3265 416 3322; x_wconf 88' lang='lat' dir='ltr'>tenens</span> <span class='ocrx_word' id='word_1_188' title='bbox 440 3254 474 3320; x_wconf 93' lang='lat' dir='ltr'>in</span> <span class='ocrx_word' id='word_1_189' title='bbox 492 3275 590 3322; x_wconf 86' lang='lat' dir='ltr'>manu</span> <span class='ocrx_word' id='word_1_190' title='bbox 610 3254 741 3321; x_wconf 85' lang='lat' dir='ltr'>dextera</span> <span class='ocrx_word' id='word_1_191' title='bbox 760 3275 860 3320; x_wconf 91' lang='lat' dir='ltr'>uuum</span> <span class='ocrx_word' id='word_1_192' title='bbox 878 3265 1005 3322; x_wconf 92' lang='lat' dir='ltr'>scutum</span> <span class='ocrx_word' id='word_1_193' title='bbox 1024 3277 1098 3322; x_wconf 90' lang='lat' dir='ltr'>cum</span> <span class='ocrx_word' id='word_1_194' title='bbox 1149 3320 1153 3331; x_wconf 85' lang='grc'><em>,</em></span> 
     </span>
     <span class='ocr_line' id='line_1_26' title="bbox 63 3356 1098 3460; baseline 0.005 -27"><span class='ocrx_word' id='word_1_195' title='bbox 63 3356 162 3437; x_wconf 73' lang='lat' dir='ltr'>blazone</span> <span class='ocrx_word' id='word_1_196' title='bbox 180 3369 212 3437; x_wconf 93' lang='lat' dir='ltr'>in</span> <span class='ocrx_word' id='word_1_197' title='bbox 229 3391 294 3460; x_wconf 89' lang='lat' dir='ltr'>quo</span> <span class='ocrx_word' id='word_1_198' title='bbox 315 3381 384 3438; x_wconf 87' lang='lat' dir='ltr'>erat</span> <span class='ocrx_word' id='word_1_199' title='bbox 400 3391 475 3459; x_wconf 90' lang='lat' dir='ltr'>pars</span> <span class='ocrx_word' id='word_1_200' title='bbox 491 3371 610 3438; x_wconf 87' lang='lat' dir='ltr'>lanceae</span> <span class='ocrx_word' id='word_1_201' title='bbox 625 3381 656 3438; x_wconf 85' lang='lat' dir='ltr'>ct</span> <span class='ocrx_word' id='word_1_202' title='bbox 672 3369 778 3438; x_wconf 90' lang='lat' dir='ltr'>crucis</span> <span class='ocrx_word' id='word_1_203' title='bbox 791 3369 961 3439; x_wconf 77' lang='lat' dir='ltr'>salvatoris</span> <span class='ocrx_word' id='word_1_204' title='bbox 974 3372 1098 3440; x_wconf 90' lang='lat' dir='ltr'>domini</span> 
     </span>
     <span class='ocr_line' id='line_1_27' title="bbox 65 3485 1100 3580; baseline 0.009 -32"><span class='ocrx_word' id='word_1_205' title='bbox 65 3485 217 3556; x_wconf 77' lang='lat' dir='ltr'>astritesu</span> <span class='ocrx_word' id='word_1_206' title='bbox 234 3487 441 3572; x_wconf 89' lang='lat' dir='ltr'>christi,cum</span> <span class='ocrx_word' id='word_1_207' title='bbox 457 3500 583 3577; x_wconf 91' lang='lat' dir='ltr'>sceptro</span> <span class='ocrx_word' id='word_1_208' title='bbox 598 3487 709 3575; x_wconf 85' lang='lat' dir='ltr'>regati,</span> <span class='ocrx_word' id='word_1_209' title='bbox 720 3487 793 3555; x_wconf 85' lang='lat' dir='ltr'>etin</span> <span class='ocrx_word' id='word_1_210' title='bbox 806 3488 868 3556; x_wconf 87' lang='lat' dir='ltr'>alia</span> <span class='ocrx_word' id='word_1_211' title='bbox 881 3511 1100 3580; x_wconf 87' lang='lat' dir='ltr'>manu‚super</span> 
     </span>
     <span class='ocr_line' id='line_1_28' title="bbox 67 3604 1050 3693; baseline 0.01 -31"><span class='ocrx_word' id='word_1_212' title='bbox 67 3610 158 3689; x_wconf 75' lang='lat' dir='ltr'>tuctus,</span> <span class='ocrx_word' id='word_1_213' title='bbox 177 3605 322 3674; x_wconf 89' lang='lat' dir='ltr'>codicem</span> <span class='ocrx_word' id='word_1_214' title='bbox 341 3605 579 3693; x_wconf 87' lang='lat' dir='ltr'>evangeliorum</span> <span class='ocrx_word' id='word_1_215' title='bbox 594 3616 780 3673; x_wconf 90' lang='lat' dir='ltr'>sauctorum</span> <span class='ocrx_word' id='word_1_216' title='bbox 794 3604 920 3674; x_wconf 88' lang='lat' dir='ltr'>Domini</span> <span class='ocrx_word' id='word_1_217' title='bbox 939 3607 1050 3675; x_wconf 91' lang='lat' dir='ltr'>nostri.</span> 
     </span>
     <span class='ocr_line' id='line_1_29' title="bbox 96 3713 1098 3810; baseline -0.001 -21"><span class='ocrx_word' id='word_1_218' title='bbox 96 3713 199 3807; x_wconf 75' lang='lat' dir='ltr'>t&#39;ipnti</span> <span class='ocrx_word' id='word_1_219' title='bbox 218 3722 346 3790; x_wconf 89' lang='lat' dir='ltr'>duobus</span> <span class='ocrx_word' id='word_1_220' title='bbox 364 3722 479 3790; x_wconf 89' lang='lat' dir='ltr'>diebus</span> <span class='ocrx_word' id='word_1_221' title='bbox 497 3721 614 3810; x_wconf 84' lang='lat' dir='ltr'>etapsis</span> <span class='ocrx_word' id='word_1_222' title='bbox 633 3732 704 3810; x_wconf 90' lang='lat' dir='ltr'>post</span> <span class='ocrx_word' id='word_1_223' title='bbox 723 3733 859 3790; x_wconf 88' lang='lat' dir='ltr'>mortem</span> <span class='ocrx_word' id='word_1_224' title='bbox 877 3722 954 3790; x_wconf 92' lang='lat' dir='ltr'>dicti</span> <span class='ocrx_word' id='word_1_225' title='bbox 970 3722 1098 3790; x_wconf 85' lang='lat' dir='ltr'>Charoli</span> 
     </span>
     <span class='ocr_line' id='line_1_30' title="bbox 14 3818 1096 3924; baseline 0.004 -21"><span class='ocrx_word' id='word_1_226' title='bbox 14 3818 17 3825; x_wconf 39' lang='lat'>¹</span> <span class='ocrx_word' id='word_1_227' title='bbox 68 3835 155 3923; x_wconf 72' lang='lat' dir='ltr'>papi,</span> <span class='ocrx_word' id='word_1_228' title='bbox 177 3858 262 3907; x_wconf 88' lang='lat' dir='ltr'>anno</span> <span class='ocrx_word' id='word_1_229' title='bbox 292 3837 419 3906; x_wconf 88' lang='lat' dir='ltr'>Domini</span> <span class='ocrx_word' id='word_1_230' title='bbox 453 3837 549 3924; x_wconf 73' lang='grc'><strong>8140,</strong></span> <span class='ocrx_word' id='word_1_231' title='bbox 581 3839 775 3907; x_wconf 90' lang='lat' dir='ltr'>duodecimo</span> <span class='ocrx_word' id='word_1_232' title='bbox 800 3839 948 3907; x_wconf 81' lang='lat' dir='ltr'>calendas</span> <span class='ocrx_word' id='word_1_233' title='bbox 976 3840 1096 3923; x_wconf 87' lang='lat' dir='ltr'>martii,</span> 
     </span>
     <span class='ocr_line' id='line_1_31' title="bbox 69 3953 1098 4044; baseline 0.011 -31"><span class='ocrx_word' id='word_1_234' title='bbox 69 3958 163 4022; x_wconf 79' lang='lat' dir='ltr'>auctus</span> <span class='ocrx_word' id='word_1_235' title='bbox 174 3954 380 4044; x_wconf 77' lang='lat' dir='ltr'>angilbertus</span> <span class='ocrx_word' id='word_1_236' title='bbox 391 3954 540 4041; x_wconf 82' lang='lat' dir='ltr'>migrarit</span> <span class='ocrx_word' id='word_1_237' title='bbox 557 3955 727 4038; x_wconf 78' lang='lat' dir='ltr'>asacculo;</span> <span class='ocrx_word' id='word_1_238' title='bbox 745 3965 788 4039; x_wconf 87' lang='lat' dir='ltr'>et,</span> <span class='ocrx_word' id='word_1_239' title='bbox 804 3966 838 4022; x_wconf 87' lang='lat' dir='ltr'>ut</span> <span class='ocrx_word' id='word_1_240' title='bbox 851 3953 999 4040; x_wconf 86' lang='lat' dir='ltr'>Cronica,</span> <span class='ocrx_word' id='word_1_241' title='bbox 1014 3955 1098 4024; x_wconf 85' lang='lat' dir='ltr'>sotiis</span> 
     </span>
    </p>
   </div>
   <div class='ocr_carea' id='block_1_3' title="bbox 0 0 1371 4854">
    <p class='ocr_par' dir='ltr' id='par_1_3' title="bbox 0 0 1371 4854">
     <span class='ocr_line' id='line_1_32' title="bbox 0 0 1371 4854; baseline 0 0"><span class='ocrx_word' id='word_1_242' title='bbox 0 0 1371 4854; x_wconf 95' lang='lat' dir='ltr'> </span> 
     </span>
    </p>
   </div>
  </div>
 </body>
</html>
