2708 4854
681 388 900 497 v-roc-

261 551 353 621 liberi
378 562 410 620 ct
434 551 573 642 exempti
596 552 637 620 ab
660 551 739 643 ipsis
765 551 889 642 majore
915 562 947 621 et
972 551 1116 622 scabinis
1143 566 1332 624 necassent

261 669 383 739 astricti
404 670 472 738 suis
490 670 618 738 statutis
633 693 641 753 ;
660 669 733 739 etsi
749 669 867 759 aliquis
883 691 1035 740 vavassor
1054 680 1178 756 noster,
1198 692 1330 740 manens

261 798 350 855 extra
376 786 482 854 uillam
505 797 537 855 et
567 786 771 871 banleucam,
799 787 892 855 vellet
913 798 945 855 ct
969 797 1185 878 praesumeret
1212 787 1328 858 intrare

262 904 540 987 communitatem,
555 903 649 971 nobis
663 902 841 972 dimitteret
856 924 949 971 suam
965 913 1100 986 terram,
1119 903 1184 973 nisi
1199 916 1281 974 esset
1294 927 1328 974 er

263 1040 421 1087 consensu
437 1019 521 1107 regis
534 1029 565 1087 et
580 1018 717 1087 abbatis.
733 1019 825 1103 ltem,
835 1017 869 1086 in
879 1019 1053 1109 praesentia
1067 1019 1154 1109 regis
1165 1021 1324 1105 Ludorici,

262 1135 324 1203 luit
341 1135 526 1203 ordinatum
548 1135 634 1225 quod
657 1136 766 1203 nullus
784 1135 958 1224 burgensis
974 1135 1112 1205 intraret
1132 1156 1193 1207 neo
1212 1136 1324 1206 intrare

261 1261 369 1340 posset
388 1251 472 1318 banc
487 1251 657 1329 ecclesiam
669 1251 738 1319 nisi
755 1252 959 1320 solummodo
976 1252 1122 1321 racundo
1139 1253 1277 1323 orationi
1298 1264 1324 1322 et

260 1368 341 1436 hora
365 1368 558 1457 competenti
578 1367 745 1437 orationis.
770 1368 832 1437 lste
856 1368 1039 1438 Ludovicus
1061 1370 1219 1459 regnabat
1242 1391 1320 1439 anno

262 1483 391 1552 Domini
409 1483 447 1550 ll
460 1484 509 1553 lO.

307 1622 368 1690 lstc
400 1621 566 1689 Anchcrus
589 1620 664 1689 lecit
694 1642 850 1690 renovare
876 1633 908 1689 et
940 1621 1133 1691 reedificare
1162 1621 1346 1701 ecclesian·

261 1737 384 1805 Sanctae
402 1738 509 1805 llarian
527 1748 615 1806 extra
629 1759 751 1823 muros,
763 1737 931 1807 ecclesiam
946 1738 1033 1807 beati
1049 1739 1215 1808 Benedicti
1231 1759 1315 1828 super

261 1876 385 1938 muros,
414 1854 504 1922 etde
531 1875 612 1922 noro
637 1854 817 1923 construxit
839 1853 1007 1923 ecclesiam
1037 1854 1143 1924 saneti
1173 1852 1311 1924 Nieholai.

263 1971 302 2037 Et
319 1990 418 2058 super
430 1968 479 2036 his
492 1978 562 2037 orta
580 1979 627 2036 cst
639 1968 678 2036 lis
694 1979 725 2036 et
738 1969 800 2037 orti
815 1978 891 2036 sunt
909 1967 1018 2057 magni
1031 1989 1205 2059 processus
1219 1977 1312 2038 contra

262 2086 449 2177 episcopum
478 2085 740 2169 ambianensem,
763 2085 820 2175 qui
848 2085 1103 2170 contradicebat,
1124 2086 1210 2157 sicut
1233 2083 1311 2153 latius

262 2202 446 2270 continetur
466 2201 498 2268 in
513 2201 609 2270 cartis
626 2201 777 2292 snperjis
790 2199 956 2286 conlectiS,
970 2211 1003 2270 ct
1014 2201 1100 2270 sicut
1116 2200 1310 2292 repertorium

261 2319 301 2386 dc
317 2339 399 2387 noro
417 2318 631 2408 compositum
654 2318 798 2386 continet
816 2318 953 2408 prolixe.
973 2318 1067 2400 ltem,
1091 2319 1153 2388 iste
1172 2298 1308 2409 repararit

261 2455 372 2501 muros
388 2434 480 2502 istius
502 2434 595 2519 xillae,
620 2446 652 2502 ct
671 2434 711 2502 de
732 2455 814 2502 novo
831 2433 1012 2503 construxit
1030 2434 1144 2525 plures
1165 2445 1264 2502 turres
1283 2427 1306 2495 ln

261 2550 397 2634 ambitu,
413 2550 616 2618 lortisreando
630 2573 701 2619 eam
715 2575 722 2636 3
746 2551 789 2619 ita
803 2551 889 2641 quod
904 2571 969 2620 non
986 2561 1058 2620 erat
1074 2549 1108 2619 in
1126 2550 1168 2620 iis
1185 2546 1307 2641 partibus

262 2666 375 2735 similis
395 2667 428 2734 in
449 2668 650 2736 fortitudine.

304 2802 396 2869 Anno
410 2800 537 2870 Domini
558 2801 671 2887 trab,
682 2803 796 2892 quinto
816 2802 966 2872 calendas
978 2802 1186 2894 septembris,
1198 2796 1306 2893 quiden

260 2917 383 2986 domini
399 2918 522 2986 nobiles
538 2929 569 2986 ct
578 2931 737 3007 potentes,
749 2918 969 2989 connominati
983 2920 1028 2988 lec
1042 2920 1195 3004 Galcloic,
1208 2906 1306 2986 donini

261 3036 453 3123 temporales
480 3034 520 3102 dc
546 3035 713 3102 lliertrot'n
737 3047 768 3104 et
796 3036 894 3105 totins
913 3035 1110 3106 Castellariae
1126 3036 1149 3122 ¹,
1171 3033 1271 3104 divites
1283 3022 1326 3093 tl'

262 3150 370 3239 magni
390 3172 602 3240 possessores,
623 3173 684 3242 pro
709 3173 824 3221 securo
840 3154 911 3222 loco
932 3151 966 3220 iu
981 3153 1197 3222 huneloeum
1215 3162 1305 3242 perte·

260 3279 379 3335 nerunt
394 3278 426 3336 et
444 3252 605 3356 refugium
623 3280 819 3358 acceperunt
838 3269 871 3336 in
889 3269 950 3337 hac
965 3268 1039 3337 villa
1056 3279 1191 3360 propter
1207 3272 1305 3336 netum

259 3403 393 3449 suorum
408 3381 627 3466 inimicorum,
642 3382 764 3451 scilicet
779 3382 926 3471 llugonis
942 3384 1187 3473 Compdoom'nc
1202 3368 1305 3452 comilis

259 3498 366 3566 Sancti
384 3499 486 3582 Pauli,
507 3498 631 3567 domiui
646 3499 774 3584 d'rluxi,
789 3499 914 3569 domini
927 3500 967 3568 tle
982 3501 1141 3583 Blanoal,
1154 3485 1305 3570 nominib
1353 3532 1354 3567 3

259 3615 365 3702 Soulp
381 3626 413 3682 et
428 3615 644 3705 plurimorum
664 3637 799 3685 suorum
817 3616 1040 3686 inimicorum.
1055 3617 1095 3687 Et
1111 3608 1303 3687 horadcciutt

259 3731 299 3799 de
315 3752 421 3816 mane,
435 3730 545 3819 januis
562 3743 670 3801 tamen
688 3733 817 3818 clausis,
833 3732 1076 3805 succenderunt
1091 3744 1124 3803 et
1138 3734 1209 3824 igne
1221 3734 1304 3819 gmon
1345 3820 1346 3824 Ἰ

290 3955 324 4017 (ll
342 3951 483 4006 Gatetartc
497 3955 565 4006 dens
581 3954 607 4005 ln
623 3955 700 4020 copie
716 3955 749 4007 tle
765 3956 833 4006 bom
848 3955 970 4008 Grenior.
