2708 4854
685 405 887 476 -rll-

253 566 368 636 abbate
379 564 586 658 operabatur.
600 568 657 637 llis
670 569 778 661 itaque
789 569 959 658 armigeris
971 569 1312 660 omnibuspermeatis,

253 684 508 775 praenominatas
521 685 620 754 abbas
637 686 669 753 in
683 708 778 755 snum
792 686 992 756 curriculum
1008 685 1180 777 imponere
1196 708 1231 755 se
1247 685 1315 755 lecit

253 800 343 867 etad
364 800 602 868 abbatisvillam
624 802 801 886 remearit;
824 802 921 879 elibi
937 802 1132 890 prodictam
1152 801 1315 870 mmioom

252 915 291 981 de
316 914 500 984 Creoeeoenr
526 918 663 1001 invenit,
692 918 751 1007 qai
776 919 865 985 ποιαί
897 917 931 985 in
956 917 1092 1008 praelato
1113 916 1158 987 Sci
1176 916 1312 987 llicbarii

253 1031 394 1121 bospitio
412 1032 564 1121 hospitati
583 1044 670 1101 sant.

297 1159 343 1227 llo
362 1169 518 1248 tempore,
536 1158 568 1225 in
592 1159 706 1227 ultima
725 1159 777 1228 die
795 1158 990 1245 decembris,
1008 1180 1125 1250 aspera
1140 1170 1173 1228 et
1189 1159 1311 1228 inenar-

251 1275 386 1343 rabilis‘2
413 1276 499 1343 dicto
524 1276 617 1344 Petro
642 1276 749 1345 abbati
772 1276 872 1344 crevit
890 1276 1061 1364 aegritudo.
1084 1276 1310 1361 Quamobrem,

252 1392 423 1461 concordia
437 1401 468 1460 et
482 1392 532 1459 sni
546 1392 643 1461 totins
656 1404 831 1461 conventus
848 1392 1092 1478 deliberatione,
1111 1414 1205 1461 suam
1221 1403 1315 1463 entre·

251 1529 337 1575 mam
359 1508 554 1576 volantatem
584 1517 681 1597 atque
709 1508 945 1577 ordinationem
974 1507 1147 1598 disposuit.
1171 1507 1212 1603 Et
1234 1506 1314 1575 illico

252 1646 353 1692 arnam
373 1625 511 1692 annuale
529 1635 560 1693 ct
574 1630 587 1669 ³
606 1624 863 1693 anniversarium
884 1624 1059 1693 missarum
1083 1645 1145 1715 pro
1167 1624 1269 1716 ipsius
1286 1634 1314 1692 et

250 1764 385 1811 suornm
404 1753 588 1832 parentum,
617 1742 796 1810 amicorum
822 1753 853 1810 et
871 1742 1115 1810 benefactorum
1134 1740 1313 1824 animabus,

249 1857 394 1948 incipere
408 1869 439 1926 et
458 1858 615 1948 perficere
633 1858 810 1944 constituit,
832 1857 980 1927 videlicet
994 1879 1097 1927 unum
1115 1858 1149 1926 in
1165 1879 1225 1926 saa
1240 1878 1316 1948 prae·

249 1973 334 2040 dicta
360 1974 501 2059 abbatia,
530 1996 632 2042 annm
657 1975 690 2041 in
712 1973 990 2043 Carthasiensinm
1006 1975 1206 2043 monasterio
1218 1975 1315 2063 jacta

248 2092 466 2175 Abbooillone,
481 2101 509 2161 ct
525 2093 619 2160 oli-ard
634 2094 670 2160 io
689 2093 937 2180 Cordiyerorom
948 2092 1233 2160 Abbooillenciom
1251 2113 1316 2159 mo-

249 2209 390 2277 nasterio
404 2209 426 2276 ³.
446 2211 537 2293 ltem,
557 2210 812 2299 praenominatus
828 2209 927 2278 abbas
940 2208 1141 2298 consignavit
1157 2219 1189 2278 et
1204 2230 1316 2277 nume·

250 2324 361 2392 raliter
378 2325 510 2393 tradidit
523 2325 555 2392 in
569 2347 667 2394 mann
686 2326 736 2393 sni
748 2325 867 2415 prioris
882 2337 914 2393 et
927 2325 1024 2393 totius
1040 2334 1220 2393 conventus
1232 2324 1316 2392 mille

249 2441 375 2508 francos
392 2451 528 2508 monetae
541 2442 713 2525 currendo,
725 2440 764 2508 ad
778 2440 993 2530 acquirendos
1006 2451 1038 2508 et
1050 2439 1200 2509 redditus
1211 2459 1317 2508 emen·

248 2556 305 2624 dos
323 2557 524 2627 baercditales
541 2578 600 2647 pro
620 2556 809 2625 fundatione
825 2556 923 2625 nnius
942 2556 1048 2625 missae
1072 2555 1315 2626 hebdomadalis

248 2684 279 2740 ct
298 2686 474 2762 pcrpctnac,
492 2673 606 2741 diebus
623 2673 788 2757 mercurii,
807 2672 841 2740 in
863 2673 949 2741 dicta
969 2672 1092 2763 capella
1115 2673 1240 2742 Nostrae
1258 2671 1316 2740 bo

248 2789 356 2873 minae,
378 2790 526 2858 videlicet
545 2790 584 2857 dc
610 2789 725 2858 Sancto
750 2789 886 2879 Spiritu,
908 2810 947 2858 eo
966 2788 1102 2873 vivente,
1129 2800 1161 2858 et
1185 2809 1244 2879 pro
1265 2787 1316 2855 de·

249 2908 366 2975 iunctis
393 2918 466 2997 post
490 2907 560 2996 ojus
580 2907 718 2992 obitum,
743 2928 817 2975 cum
843 2906 979 2975 diacono
1004 2916 1036 2974 et
1062 2906 1266 2975 subdiacono
1283 2904 1314 2972 in

247 3034 441 3113 perpetuum
458 3023 669 3092 celebrandae.

293 3149 385 3233 ltom,
407 3149 527 3217 eisdem
545 3148 597 3217 die
617 3159 648 3216 ct
662 3169 759 3232 anno,
778 3147 858 3216 alios
877 3146 966 3229 mille
983 3147 1114 3216 francos
1130 3146 1225 3216 dietae
1244 3168 1314 3216 mo·

249 3274 329 3332 netae
355 3264 443 3332 dedit
469 3275 499 3332 et
528 3264 651 3348 tribuit,
678 3274 709 3331 et
736 3263 768 3330 in
793 3262 991 3331 ornamentis
1021 3261 1248 3347 ecclesiasticis
1275 3262 1315 3331 ad

247 3380 462 3449 decorandam
473 3379 571 3469 bnjns
583 3380 644 3449 loci
658 3379 826 3448 ecclesiam
839 3379 1045 3470 exponendos
1058 3400 1129 3450 esse
1140 3379 1313 3449 ordinarit.

277 3614 311 3678 (l)
326 3615 377 3666 Les
391 3619 461 3665 mols
474 3628 526 3680 que
538 3615 566 3679 je
582 3613 705 3679 souligne
726 3618 773 3665 ont
791 3612 834 3664 dte
854 3614 923 3665 omis
937 3616 1007 3665 done
1026 3612 1053 3666 lo
1067 3614 1145 3681 copie
1159 3614 1194 3668 de
1208 3615 1315 3669 Bolano.

275 3701 311 3765 tl)
325 3701 488 3754 Incurobllis
501 3702 570 3753 <lons
584 3701 610 3752 la
624 3703 701 3767 copie
716 3701 749 3752 de
765 3700 833 3752 Dom
848 3702 970 3753 Grenler.

275 3791 310 3855 (3)
325 3791 377 3843 Aut
393 3792 461 3843 dans
476 3791 543 3842 Dom
558 3791 672 3842 Grenier
686 3796 713 3842 et
726 3791 795 3842 dans
809 3791 917 3842 lextroit
929 3791 963 3843 do
978 3791 1102 3858 Bommy.

277 3882 310 3945 (l)
326 3881 376 3932 Ces
390 3885 460 3932 mots
478 3894 512 3931 en
530 3880 658 3946 italiques
676 3886 724 3932 ont
742 3880 784 3931 dte
802 3881 872 3932 omis
886 3881 954 3932 dans
973 3880 1001 3932 lo
1014 3882 1092 3947 copie
1106 3882 1141 3935 de
1152 3882 1265 3936 Beluae.
1281 3884 1318 3936 ba

245 3967 321 4034 copie
336 3968 369 4020 de
385 3967 453 4019 Dom
469 3968 591 4031 Grenler,
606 3967 722 4020 l'extroit
736 3968 768 4020 clo
783 3969 896 4034 Bommy
912 3968 952 4020 les
965 3969 1096 4022 donnent.
