2708 4854
656 372 855 442 -152-

259 535 343 607 haye,
357 542 385 589 et
395 534 541 607 plusieurs
554 540 653 591 autres
661 535 800 607 reiigieux
809 540 880 591 sont
889 534 918 591 la
926 535 1078 593 visiten-
1087 536 1155 592 Pu'u
1164 536 1289 607 unfus,

266 637 347 689 tilii.
362 664 396 673 —
412 636 519 687 Suetus·
530 632 569 687 clu
585 624 630 688 ro'i
644 634 679 688 de
694 634 802 689 France
816 634 894 689 etde
908 650 956 689 ses
968 634 1158 691 lientenante.
1172 665 1206 674 -
1219 637 1291 691 iiort

260 732 278 785 a
301 734 403 785 itcuun
423 731 461 784 du
483 734 583 801 regent
603 733 639 787 de
658 735 765 788 france
783 750 819 787 au
838 749 909 787 noni
928 732 980 788 des
997 732 1129 804 Angiuis.
1143 765 1180 773 -
1196 732 1291 789 L'liie-

262 832 354 888 :idam
370 832 461 904 prs-nu
479 834 624 888 vontoise.
639 865 674 873 -
689 834 769 889 Paris
784 834 935 889 reconnuit
948 832 976 889 le
987 833 1033 889 roi
1047 832 1167 889 Chutles
1180 834 1238 889 iil.

273 1041 330 1110 iilo
350 1054 381 1109 ct
406 1041 519 1109 codem
540 1061 626 1108 auno
639 1042 663 1123 ¹,
684 1038 808 1128 anglici
827 1038 999 1109 voluerunt
1019 1037 1198 1129 subjugare
1215 1038 1290 1108 ciii·

230 1170 327 1225 tateiu
345 1158 384 1224 de
397 1158 556 1237 ()1·liuus,·
573 1178 673 1246 super
684 1155 771 1246 quod
787 1154 905 1224 accidit
918 1176 969 1224 res
981 1154 1140 1224 miinbiiis
1155 1166 1189 1225 et
1205 1176 1288 1225 uera.

232 1274 326 1356 Quia
343 1274 421 1340 dum
439 1295 493 1341 rex
506 1273 652 1355 Carolus,
666 1271 837 1361 juvenisci
850 1292 957 1361 nuper
971 1270 1142 1341 ondinatus
1155 1294 1222 1357 rex,
1239 1294 1291 1342 vo

232 1391 300 1458 leus
315 1389 454 1477 abjicere
470 1402 500 1457 et
519 1390 622 1457 dictos
637 1389 787 1475 ,inglicos
804 1387 989 1477 repudiare,
1004 1388 1194 1479 supervenit
1206 1410 1291 1479 qun·

230 1505 1290 1597 ‹iumjuuenispuulinnomichcliuuucdeLoriuthinginssoiiundn,

235 1638 269 1693 ut
294 1625 476 1707 ‹lit-chaine,
498 1636 622 1693 armato
642 1636 673 1693 et
694 1646 766 1693 eum
791 1644 907 1712 magna
928 1636 1098 1713 potestate,
1120 1647 1195 1716 quae
1217 1624 1293 1693 dixit

232 1743 318 1810 dicto
336 1742 401 1829 supi
421 1766 428 1809 :
452 1768 465 1805 c
486 1742 531 1809 Nc
550 1742 674 1809 timeas.
694 1742 762 1830 Ego
781 1762 853 1809 sum
869 1742 988 1811 mulien·
1006 1742 1173 1827 bellicosa,
1191 1743 1294 1834 puelia

236 1886 248 1919 a
278 1882 296 1925 a
320 1858 385 1926 [teo
405 1857 462 1924 tibi
478 1857 510 1924 iu
532 1858 582 1925 his
597 1858 744 1948 portibus
761 1858 872 1943 missa,
894 1869 926 1926 ct
947 1858 981 1925 in
996 1857 1199 1947 adjutorium
1217 1859 1294 1927 vilia

236 2000 248 2038 i>
283 1984 345 2041 tuac
366 1972 536 2057 Oioiiauis,
558 1984 593 2040 ui
610 1974 744 2042 liberem
764 1995 836 2042 eam
856 1995 874 2041 a
895 1973 964 2043 suis
979 1973 1135 2059 inimicis,
1156 1985 1190 2044 et
1203 1995 1294 2065 quos,

240 2116 253 2154 i
283 2089 446 2158 altissimo
466 2090 602 2173 favente,
622 2089 782 2178 effugabo.
804 2090 848 2158 Te
864 2089 1043 2159 conducam
1059 2089 1170 2159 Remis
1189 2100 1224 2158 ut
1240 2088 1297 2157 ihi·

272 2333 307 2393 (i)
322 2332 357 2381 ii,
373 2331 451 2382 Julcs
468 2331 623 2393 Quichocat,
644 2331 712 2382 dans
732 2330 758 2381 ie
776 2330 949 2397 supplement
968 2344 1026 2383 oue
1041 2331 1131 2397 pitcee
1148 2333 1174 2383 et
1191 2330 1301 2383 eureus

240 2423 407 2471 communiet
423 2420 449 2469 to
465 2419 568 2470 Pueoe
582 2447 612 2456 -
627 2419 722 2471 Procas
735 2419 769 2470 dc
786 2418 1040 2471 condemnatione!
1054 2417 1088 2469 tic
1100 2416 1302 2471 reuooeitauoa

239 2508 271 2557 dc
286 2508 389 2559 Jeciuue
403 2508 494 2567 (turc,
509 2514 528 2557 t.
544 2509 577 2567 Υ,
592 2523 618 2573 p.
634 2508 689 2567 358,
704 2508 801 2558 -cite
821 2507 1027 2559 textuellement
1043 2510 1119 2557 toute
1132 2505 1161 2556 le
1174 2504 1303 2571 premiere

241 2599 327 2662 portic
350 2599 383 2647 ‹ie
409 2612 439 2648 cc
462 2598 590 2662 ciiupitre.
617 2597 710 2647 «Tres
733 2596 840 2647 inexact
862 2601 1000 2662 quantun
1019 2600 1091 2646 reste
1108 2594 1158 2646 des
1177 2595 1249 2657 inita,
1267 2593 1305 2644 dit

241 2687 276 2735 ii.
293 2686 446 2746 Quitherat,
468 2685 594 2751 puisqu'il
609 2686 685 2750 piace
700 2685 867 2750 i'upporition
882 2686 915 2736 de
930 2684 956 2737 ia
971 2683 1130 2735 Pucelieen
1144 2683 1204 2735 1428
1220 2683 1246 2747 (ii
1261 2682 1307 2733 eut

243 2775 280 2823 sui
306 2776 393 2823 menie
417 2774 475 2824 dire
502 2774 572 2835 1423)
597 2779 624 2824 et
650 2774 714 2839 qu'ii
743 2787 859 2839 suppose
876 2772 974 2838 qu'elte
995 2772 1038 2822 rut
1064 2772 1205 2837 decapitee
1227 2776 1307 2823 avant

245 2862 327 2911 o'euo
341 2861 446 2918 hiulce,
464 2861 533 2912 ioan
551 2862 584 2912 de
600 2861 625 2912 lo
644 2861 771 2926 Chopeiie
789 2861 832 2911 n’a
849 2860 882 2912 de
900 2859 995 2911 vaieur
1012 2873 1066 2925 que
1079 2872 1151 2925 pour
1163 2859 1191 2910 ta
1205 2860 1314 2914 ciacon.

243 2957 336 3001 stancc
354 2952 402 3015 uui
420 2965 553 3001 concerno
568 2965 597 3001 so
612 2951 727 3007 incolite,
742 2950 767 3001 le
782 2950 875 3015 sejour
888 2949 904 3001 a
917 2949 1009 3014 Drugy
1027 2968 1050 2998 n.
1067 2976 1095 2986 -
1111 2948 1150 3001 Le
1164 2949 1195 2999 P.
1211 2949 1308 3014 Ignace

242 3041 328 3104 pomit
342 3040 420 3090 s‘ctrc
432 3040 502 3090 seui
517 3041 550 3090 de
564 3040 591 3090 lo
604 3038 757 3106 Coroneum
772 3040 804 3091 de
825 3039 895 3090 «leon
909 3038 943 3089 de
957 3038 984 3090 le
997 3037 1124 3104 Chapelle
1137 3051 1208 3104 pour
1219 3050 1250 3089 ce
1263 3036 1309 3103 qui

244 3129 356 3191 regaiuic
371 3143 401 3178 cc
416 3129 515 3192 sejour.
534 3129 659 3179 L'iutertt
673 3143 735 3194 quc,
751 3129 855 3194 d'apres
868 3128 917 3190 ini,
928 3127 1122 3193 temoignaient
1135 3126 1153 3177 tt
1166 3126 1193 3177 io
1207 3126 1310 3193 prison-

244 3218 319 3267 uituo
334 3218 375 3267 tes
392 3224 493 3279 (tames,
514 3218 685 3269 damoiselles
706 3223 733 3268 et
753 3218 928 3283 bourgeoises
951 3215 1121 3268 d'Abbeviile
1143 3216 1188 3267 u'a
1207 3214 1311 3266 rien'do

246 3308 356 3372 prount,
373 3309 442 3358 mais
456 3310 513 3358 rien
529 3308 791 3359 o'iuvruisembinble
816 3308 917 3373 Malgre
936 3306 1113 3372 l'occupation
1127 3306 1166 3359 du
1180 3305 1312 3357 Pouthieu

245 3412 295 3461 por
314 3396 353 3447 les
368 3396 489 3461 anglais,
505 3398 529 3448 lc
550 3399 619 3464 porti
639 3399 757 3463 franceis
778 3397 930 3450 conservait
948 3398 981 3448 de
1000 3396 1153 3448 nombreux
1170 3396 1314 3449 adherente

246 3488 261 3536 a
277 3487 429 3536 Aliltcuille.
451 3512 477 3524 -
498 3487 573 3548 teir,
593 3488 660 3537 dans
679 3487 703 3537 le
724 3489 748 3537 δ’
763 3487 871 3538 volume
889 3487 926 3536 du
944 3484 1040 3537 Preces
1057 3485 1090 3536 dc
1105 3483 1210 3537 lecum
1223 3482 1312 3545 d'Arc,

246 3592 271 3641 p.
294 3576 344 3638 142,
362 3575 490 3639 l'outroge
509 3576 601 3640 public
621 3578 669 3626 fuit
686 3576 701 3626 a
716 3576 742 3626 lu
754 3577 942 3641 magistratum
957 3573 1127 3626 d'Abbeville
1140 3573 1156 3625 a
1169 3585 1269 3639 propos
1282 3571 1315 3623 de

248 3666 273 3715 lu
290 3664 409 3724 i’ucollc,
425 3678 486 3715 vers
500 3665 524 3716 io
542 3667 569 3716 15
584 3666 736 3730 septembre
754 3666 820 3716 1429.
834 3692 859 3702 -
874 3666 948 3715 Pour
961 3678 996 3714 en
1009 3662 1148 3715 ravenica
1160 3667 1239 3714 notre
1252 3660 1315 3713 cha·

248 3756 325 3819 pitre,
335 3754 351 3803 il
363 3760 404 3804 est
419 3754 527 3805 evident
540 3769 593 3820 quc
608 3756 653 3806 too
668 3762 692 3806 ct
707 3755 799 3807 codem
814 3768 898 3813 anno,
908 3754 969 3805 date
985 3754 1018 3804 de
1032 3752 1059 3804 la
1072 3756 1145 3803 niort
1157 3752 1192 3804 de
1206 3750 1316 3803 Chnrles

249 3846 297 3903 VI,
313 3849 355 3895 est
372 3844 426 3894 toin
442 3845 474 3896 dc
492 3845 559 3906 tito,
574 3846 636 3896 dote
651 3846 683 3897 de
698 3845 867 3911 l'apporition
882 3845 916 3896 dc
930 3845 1033 3895 tenone
1047 3842 1137 3894 d'Arc.

280 3933 314 3995 (t)
332 3932 372 3982 En
386 3947 478 3998 inunge
493 3932 677 3999 Lotltoriupio.
