2708 4854
679 384 908 453 ..pp-2

344 545 379 601 Se
394 560 515 617 regnare
529 551 636 618 putans
650 562 702 618 per
712 545 902 618 pontificatus
916 545 1070 614 honorem,

341 641 500 698 Ecclesiam
516 644 611 699 saneti
627 642 688 699 dire
705 642 858 715 spoliando
872 643 999 716 patroni.

344 742 378 796 Se
394 756 475 796 nune
491 741 605 810 exaltat,
621 741 836 797 manachorum
852 740 886 796 de
901 757 986 812 grege
1002 740 1096 811 saltat,

343 842 378 895 Se
395 839 505 895 iaciens
520 857 662 911 magnum
680 838 735 895 feri
747 839 886 895 imiribus
899 839 1029 911 undique
1045 830 1201 895 damnum.

343 941 452 997 Obvius
468 947 512 998 esi
527 941 682 1009 Christus3
698 940 895 1014 prosternitur
907 939 978 995 hine
993 939 1146 996 inimicus.

342 1039 447 1093 Omnia
462 1054 526 1110 quae
542 1039 628 1111 coepii
642 1054 710 1094 cum
727 1036 836 1093 damno
845 1036 911 1110 jure
927 1037 1054 1109 reliquit.

342 1137 487 1193 Omnibus
502 1143 547 1193 esi
561 1138 666 1206 hostis,
685 1136 735 1193 sed
751 1137 886 1211 pluribus
902 1136 1033 1209 undique
1049 1138 1150 1205 noiis;

342 1238 421 1300 Quos
436 1236 579 1305 exaltarit,
593 1236 648 1292 hos
662 1241 763 1308 postea
775 1236 983 1309 praecipitavi13

343 1334 441 1389 Saneii
456 1334 583 1389 Richarii
596 1349 642 1389 res
656 1334 767 1390 mullas
783 1333 961 1407 dilapidavit.

341 1434 451 1487 Exosus
465 1431 628 1501 monachis,
644 1433 761 1488 eunetis
775 1449 880 1488 exosus
894 1432 1009 1503 amicis,

341 1531 490 1585 Pessimus
505 1535 591 1601 atque
606 1531 661 1585 sibi
678 1531 728 1601 qui
744 1530 837 1586 nollet
851 1530 924 1586 veile
937 1530 1058 1601 mederi,

342 1628 385 1684 Ad
400 1628 555 1700 reprobum
572 1627 688 1683 tandem
705 1628 827 1684 certavit
843 1627 961 1683 tendere
976 1627 1076 1684 daem.

283 1826 323 1894 Er
352 1824 429 1917 quia
452 1827 549 1894 siriani
573 1837 604 1896 ei
627 1827 725 1895 semei
754 1826 884 1896 tenebat
905 1805 1033 1917 ⁶pedum
1051 1826 1214 1917 pastorale
1229 1828 1307 1906 Am,-

234 1942 400 2011 hianensis
419 1943 561 2012 eeclesia
578 1954 610 2011 et
621 1943 720 2033 hujus
739 1942 891 2028 caenobii,
910 1964 970 2011 nee
985 1963 1020 2012 se
1036 1942 1233 2032 corrigebat,
1250 1943 1307 2013 sed

236 2059 418 2127 obstinatus
441 2058 628 2146 gravamina
652 2071 683 2127 et
705 2059 824 2128 damna
850 2058 1016 2148 qaaerehai
1039 2057 1119 2127 huie
1145 2059 1307 2145 ecelesiae,

235 2176 369 2244 consilio
394 2176 505 2244 habile
527 2198 545 2244 a
566 2177 713 2245 Guidone
733 2175 851 2245 eomiie
870 2173 996 2244 Pamiri
1015 2187 1048 2244 et
1066 2176 1234 2247 nobilibus
1253 2199 1308 2247 va·

237 2292 420 2362 rassoribus
446 2304 477 2361 ei
500 2293 687 2362 hominibus
710 2292 796 2381 ligiis
823 2291 921 2382 hujus
949 2291 1023 2377 iaci,
1049 2304 1081 2361 et
1103 2293 1246 2363 maxime
1267 2295 1308 2363 ab

236 2409 482 2500 archiepiscopo
502 2421 534 2478 et
558 2409 721 2478 canonicis
742 2409 910 2478 Remensis
932 2409 1088 2495 ecciesiae,
1110 2409 1174 2478 suit
1198 2410 1308 2480 deier-

238 2524 397 2593 minalum
414 2545 472 2593 nas
486 2525 595 2592 amnia
614 2524 673 2592 isia
689 2523 773 2590 maia
789 2522 957 2592 notificare
974 2543 1068 2613 papae
1079 2522 1213 2593 Urbana
1228 2535 1309 2594 tune

239 2641 358 2709 tenenti
385 2641 554 2708 eonsilium
585 2641 657 2729 (sie)
685 2640 834 2728 generale
856 2638 889 2707 in
908 2638 1112 2709 Claromaaie
1130 2640 1305 2711 Alremiae.

269 2837 307 2890 De
322 2852 367 2890 ees
382 2837 502 2889 diverses
515 2836 608 2903 legens
622 2851 692 2888 nous
706 2837 808 2889 devons
821 2837 887 2889 tirer
900 2836 1082 2890 dridemment
1094 2837 1222 2891 celle-ei:

394 2945 452 2995 Quid
465 2945 516 3001 plus
530 2944 567 2989 his
577 2945 677 2989 reseram
689 2945 735 2988 nisi
745 2958 792 2988 rem
800 2944 850 3000 jam
862 2945 939 2989 dicere
950 2948 1048 2989 veram?

393 3027 441 3068 Per
451 3026 507 3068 data
518 3026 649 3082 praemissa,
663 3040 704 3082 per
713 3026 849 3082 quotidiana
859 3027 973 3082 promissa

395 3104 472 3148 Ambit
484 3118 535 3149 eam
546 3106 632 3158 sedem,
645 3113 689 3151 etc.

267 3214 309 3262 Au
325 3211 435 3263 sisieme
446 3226 516 3274 vers,
531 3213 664 3278 d'Achery
680 3212 764 3264 ecrit:

393 3321 424 3362 Se
437 3319 519 3363 iterum
530 3320 626 3372 exaltat}
638 3327 683 3366 etc.

266 3427 308 3488 lit,
325 3440 394 3492 pour
409 3426 433 3478 le
448 3428 535 3478 mdme
551 3441 622 3489 vers,
638 3426 663 3478 le
678 3427 709 3476 P.
724 3427 821 3492 Ignace
835 3441 905 3479 nous
919 3427 1027 3479 donne:

392 3533 423 3575 Se
435 3545 495 3575 nunc
508 3532 624 3584 exaltans,
636 3532 800 3576 monacharum
812 3533 840 3576 de
849 3544 922 3589 grege
934 3531 1033 3578 saltans.

262 3639 299 3691 Le
315 3639 430 3692 dixieme
445 3654 506 3691 vers
520 3641 556 3691 du
570 3639 700 3706 Spieiiipe
716 3645 775 3692 est:

393 3747 505 3791 Omnibus
518 3754 541 3790 et
552 3748 627 3791 hostis
637 3761 680 3791 ceu
689 3748 767 3804 plures
779 3748 878 3804 undique
888 3749 972 3795 nostis.

262 3856 332 3906 Vers
350 3855 413 3907 bien
432 3869 485 3920 peu
505 3855 674 3906 satisiaisani
693 3855 778 3917 aussi,
798 3870 833 3907 οη
853 3855 995 3907 l'avouera.
1012 3884 1039 3894 -
1054 3854 1092 3908 Ie
1105 3856 1136 3907 P.
1149 3855 1252 3922 igaaee
1265 3869 1299 3909 ne

232 3950 296 4012 peut
306 3957 375 3994 nous
385 3943 632 4004 tirerd'emharras
642 3944 801 4009 ayantomis
811 3943 878 3995 trois
887 3957 949 3997 vers
958 3944 1046 4009 parmi
1054 3943 1298 4010 lesqualseelaiid.
