2708 4854
671 406 851 476 „72-

230 580 408 663 appareret·
425 570 465 639 do
485 570 556 660 ejus
575 570 786 662 elecmosynis
807 580 838 639 et
855 568 1095 654 misericordia,
1114 567 1186 660 ipse
1206 565 1297 637 semi-

230 688 327 756 nabat
343 687 498 777 pecunias
515 699 589 756 anto
607 688 705 778 pedes
722 708 916 778 pauperum,
933 696 965 754 et
980 685 1125 773 lingebat
1142 684 1299 753 invenisse

230 804 402 894 pecuniam
422 803 584 892 perditam
606 814 642 871 ut
665 803 797 871 haberet
818 801 1094 894 opportunitatem
1112 811 1146 869 et
1160 801 1316 870 eolorem‘

231 919 441 1007 recolligendi
465 930 498 986 et
520 918 620 987 dandi
644 918 856 1009 pauperibus.
880 919 919 986 Et
942 918 983 986 ad
1009 926 1200 1007 requestam
1225 915 1299 984 dicti

231 1035 332 1104 saneti
351 1035 510 1123 l'ulgentii
532 1035 675 1126 episcopi
693 1034 912 1113 Carnotensis,
933 1035 985 1103 sui
1004 1033 1149 1103 doctoris
1166 1032 1299 1122 egregii,

231 1151 310 1219 dieti
330 1151 486 1219 (luidonis
501 1151 727 1219 ⁴-lnrbianensis
748 1162 779 1220 et
799 1150 955 1220 Draconis
971 1148 1167 1219 llorinensis
1183 1149 1303 1240 episco-

119 1350 124 1357 .
231 1266 1302 1359 porum,suorumdiscipulontm‚metriscomposuitacta,gesta,

231 1384 311 1451 ritas
324 1394 512 1451 sanctorum
531 1384 687 1468 llirlrarii,
705 1383 881 1468 l'ualariei,
900 1381 1048 1450 l'ull'rani
1064 1383 1303 1465 consessorum,

232 1500 391 1568 l'ineentii
408 1500 573 1590 martyris,
588 1512 707 1568 sanetae
723 1500 941 1569 austrebertae
954 1498 1103 1587 uirginiS,
1119 1510 1151 1568 et
1162 1498 1198 1566 in
1212 1508 1306 1567 cantu

232 1617 409 1686 rnelodioso
431 1639 468 1686 cx
492 1617 790 1707 superabundanti
813 1616 960 1707 reposuit
981 1627 1014 1684 ct
1032 1614 1167 1697 dictavit
1187 1625 1223 1684 et
1240 1615 1307 1683 des·

234 1733 357 1823 cripsit.
388 1734 428 1800 Et
457 1735 538 1801 laeta
565 1745 641 1802 sum
666 1734 726 1802 illis
747 1733 863 1802 diebus
882 1755 935 1802 sex
958 1733 1118 1801 miracula
1135 1731 1309 1801 manifesta

234 1850 304 1939 ejus
323 1849 476 1940 precibus
502 1851 587 1919 cirea
614 1854 769 1919 l'eretrum
794 1849 896 1919 sancti
918 1848 1076 1934 lliebarii,
1098 1859 1254 1918 contenta
1278 1857 1310 1916 ct

235 1966 395 2033 declarata
416 1966 502 2034 loliis
528 1965 581 2050 ill,
608 1966 663 2050 80,
686 1966 740 2051 811,
763 1965 797 2033 in
814 1965 952 2034 Groniea
969 1965 1117 2057 papirea,
1140 1964 1176 2032 in
1195 1964 1310 2053 lingua

236 2095 394 2166 materna,
416 2104 489 2149 eum
507 2083 757 2173 quampluribus
773 2082 845 2151 aliis
858 2104 923 2151 non
943 2080 1128 2172 descriptis.

282 2218 343 2284 lste
359 2218 579 2303 lngerrannus
591 2216 731 2284 habebat
748 2230 848 2284 unum
866 2216 1009 2306 priorem
1024 2214 1217 2303 religiosum
1228 2215 1311 2284 bene

237 2337 393 2403 laniatum
416 2346 447 2403 el
469 2336 634 2420 demtum,
657 2335 854 2425 discipulum
875 2333 1036 2422 lngelardi
1056 2333 1108 2402 sui
1127 2333 1312 2425 praedeces-

239 2452 333 2536 soris,
352 2451 484 2519 nomine
499 2452 693 2537 Oldegerum
705 2453 728 2536 ¹,
744 2451 801 2540 quj
819 2450 973 2519 continuo
986 2450 1091 2519 stabat
1108 2447 1142 2517 in
1158 2449 1310 2535 ecelesia,

239 2582 269 2637 et
283 2569 414 2658 quando
427 2568 456 2636 ei
470 2568 740 2657 superveniebant
755 2565 988 2656 impedimenta
995 2563 1186 2650 saecularia,
1198 2585 1312 2635 ascen·

239 2685 335 2752 debat
360 2684 419 2751 sub
444 2695 564 2751 tectum
591 2683 734 2751 ecelesiae
759 2693 795 2750 ut
821 2692 943 2751 secrete
964 2691 1073 2751 oraret
1082 2704 1091 2765 ;
1118 2681 1217 2751 etita
1237 2679 1314 2749 uixit

239 2812 271 2869 et
296 2800 387 2868 rexit.
421 2800 481 2879 eri
507 2799 540 2866 in
568 2799 638 2888 ejus
663 2799 753 2866 obitu
780 2809 811 2867 et
837 2798 1048 2868 dissolutione
1072 2797 1125 2866 sui
1148 2797 1311 2889 eorporis,

241 2927 401 3006 praesente
418 2915 505 2983 dieto
524 2916 722 3004 lngerranno
738 2914 809 3004 ejus
828 2915 956 2999 abbate,
977 2913 1057 2982 dixit
1074 2914 1182 3007 palam
1203 2924 1237 2983 et
1251 2936 1312 3005 pn-
1324 2904 1348 2943 s

240 3034 347 3101 bliee:
371 3056 387 3098 a
413 3033 494 3100 Eece
522 3032 614 3100 rideo
640 3033 755 3102 elroros
779 3032 991 3119 angelorum3
1016 3057 1030 3093 a
1057 3029 1176 3099 deinde
1200 3026 1310 3099 dixit:

247 3175 259 3215 a
280 3151 362 3218 Eece
382 3149 473 3218 rideo
492 3151 607 3219 elroros
624 3151 871 3240 prophetarum,
890 3150 1005 3217 choros
1022 3149 1272 3239 apostolorum;
1295 3176 1309 3212 a

242 3267 382 3335 deinde:
405 3291 418 3331 a
441 3267 583 3335 Clrorum
603 3280 794 3357 martyrum,
819 3268 954 3335 eborum
971 3266 1221 3350 consessorum3
1243 3288 1262 3333 a
1283 3275 1316 3335 et

244 3385 278 3452 in
296 3384 382 3452 fine:
405 3408 417 3448 a
442 3384 523 3452 Eece
546 3384 639 3453 video
660 3386 795 3453 eborum
816 3383 1001 3472 virginum3
1025 3407 1043 3447 n
1066 3393 1098 3451 ct
1117 3380 1230 3451 emisit
1245 3381 1314 3472 spi·

246 3501 357 3569 ritum.

290 3630 351 3699 lste
382 3632 596 3719 lngerannus,
615 3631 719 3699 sciens
736 3630 834 3700 istum
860 3629 964 3697 uirum
993 3638 1155 3713 sanetum,
1171 3627 1316 3719 propriis

248 3747 397 3816 manibus
419 3749 583 3839 sepelirit;
602 3759 633 3816 et
651 3748 684 3815 in
702 3748 822 3838 capella
844 3746 953 3816 Sancti
972 3744 1132 3815 Vincentii
1147 3744 1242 3835 juxta
1267 3767 1318 3815 os

277 3979 311 4043 (l)
329 3978 494 4047 Oldeporum
511 3982 579 4032 dans
594 3981 619 4032 la
633 3982 709 4047 copie
723 3981 756 4032 de
770 3981 838 4033 Dom
853 3980 973 4032 Grenier.
