2708 4854
713 379 888 449 „32-

269 541 313 609 tt
331 553 362 609 et
377 541 433 625 45,
456 540 577 630 prolixe
596 552 718 639 norunt,
738 541 801 608 ittis
817 539 860 608 dd
878 539 993 608 diebus
1015 539 1221 623 durantibus,
1238 538 1287 611 die
1299 553 1324 609 et

268 671 373 737 noete,
392 679 520 748 semper
539 657 693 725 continuo
713 656 852 725 existens
868 656 901 724 in
919 656 1136 741 orationibus,
1154 656 1195 726 de
1210 677 1285 724 nece
1298 667 1324 729 et

271 786 372 843 morte
390 774 513 842 domini
527 774 576 841 sui
590 774 720 863 plorans
735 785 764 841 et
774 773 940 862 jejunans,
955 773 1124 840 humiliter
1136 783 1322 842 sacramente

198 939 202 945 -
270 891 485 959 ecclesiastica
504 902 534 958 et
551 890 732 958 necessaria
749 890 917 978 requirens
930 902 962 957 et
977 891 1172 981 suscipiens
1186 890 1321 958 omnibus

269 1008 336 1076 suis
355 1007 521 1091 iratribus,
537 1008 569 1074 in
590 1008 718 1094 signum
739 1007 930 1074 humititatis
949 1018 981 1075 et
998 1007 1212 1097 paupertatis,
1227 1007 1319 1097 sepul·

269 1137 375 1193 turam
389 1125 722 1192 ecciesittsticumnnte
735 1134 862 1212 portum
873 1144 997 1210 rnngnae
1010 1123 1156 1192 ecelesiae
1171 1121 1318 1213 requisivit

270 1251 306 1306 ut
327 1261 386 1330 per
404 1261 516 1308 omnes
537 1239 693 1306 intrantes
714 1238 849 1327 pedibus
869 1238 1139 1322 conculcarem
1163 1248 1194 1307 et
1215 1237 1316 1305 ibidem

271 1355 427 1445 requievit
442 1355 512 1442 ejus
528 1355 766 1423 sanctissimum
782 1375 899 1443 eorpus
912 1351 955 1421 28
969 1356 1063 1422 annis
1079 1377 1086 1421 :
1106 1364 1138 1422 et
1156 1341 1316 1444 superejus

271 1472 431 1540 tumulum
447 1472 598 1561 discipuli
615 1472 685 1560 ejus
699 1471 935 1560 inscripserunt
946 1482 977 1538 et
990 1471 1022 1537 in
1036 1470 1236 1562 epitaphium
1249 1489 1315 1538 com-

209 1636 228 1651 ..
270 1600 449 1676 posuerunt
468 1609 577 1655 versus
599 1597 793 1676 sequentes:

377 1863 482 1918 Extulit
496 1865 617 1934 ogregiam
631 1880 719 1934 quent
736 1863 847 1918 mundo
863 1864 955 1934 grutiu
968 1863 1034 1919 vitm

448 1963 635 2033 dngitbertus
648 1963 679 2017 iu
695 1963 751 2018 hoe
766 1961 896 2017 membru
910 1962 987 2017 locut
1001 1961 1127 2017 tumulo.

378 2063 472 2131 {Isque
488 2061 564 2115 viam
580 2061 698 2114 [tormini
716 2061 809 2115 tenuit
824 2077 882 2130 quo
898 2066 1027 2132 ternpore
1042 2059 1124 2129 vixit,

449 2161 482 2212 Et
497 2158 584 2212 ntodo
600 2157 711 2212 etulrsti
728 2159 847 2231 spiritus
861 2174 927 2214 erce
943 2159 1027 2213 nitet.

379 2256 542 2310 l‘rormrruit
557 2255 664 2311 eteiunv
680 2256 796 2328 pietatis
808 2255 875 2327 jura
889 2256 1026 2325 tenendo,

449 2356 481 2408 ut
496 2353 638 2425 tentpturn
654 2353 749 2408 saneti
764 2352 891 2407 Riuhurii
907 2351 1076 2407 renovando
1093 2351 1114 2406 ¹.

378 2451 524 2522 Quidquid
539 2456 618 2505 urunt
633 2452 777 2505 Dominus
792 2466 860 2506 enm
877 2455 938 2504 toto
954 2450 1041 2504 corde
1057 2448 1169 2521 relegit,

450 2549 625 2621 Pauperibus
639 2549 747 2620 longus,
764 2548 908 2604 debilibus
923 2548 1065 2603 medicus.

378 2646 509 2702 Contulit
523 2647 652 2702 eoelesivu
669 2647 795 2701 multum
812 2645 980 2701 famulundo
993 2647 1141 2718 decorent,

450 2746 482 2798 tlt
497 2742 614 2798 famulis
629 2744 736 2799 Christi
751 2760 780 2798 se
796 2743 876 2798 dedit
890 2745 921 2798 in
938 2742 1093 2800 furnulum.

381 2843 512 2898 tteetustu
529 2844 659 2913 regimen
677 2843 769 2899 cofuit
782 2844 900 2898 virtutis
915 2860 1025 2914 autore,

451 2944 502 2995 Pro
516 2941 624 3012 quibus
638 2946 781 2996 ueternum
794 2942 879 2996 laetus
894 2941 981 2996 habet
996 2943 1130 3013 gravium
1145 2942 1168 2997 2.

378 3039 475 3093 Martis
489 3039 534 3093 bis
549 3040 628 3093 senis
642 3040 784 3094 suecessit
799 3043 893 3094 morte
909 3039 1049 3108 calendiS,

450 3140 482 3192 nt
498 3138 622 3192 Domino
636 3138 739 3192 tlnturn
755 3137 881 3192 reddidit
895 3141 972 3192 nstra
987 3142 1100 3210 potens.

303 3401 336 3463 (l)
353 3402 388 3452 Co
403 3401 569 3467 pentorndtre
585 3401 648 3451 saux
661 3372 704 3450 est
718 3398 852 3464 remplocd
868 3398 936 3449 dens
951 3399 976 3450 lm
993 3399 1070 3465 copie
1089 3400 1123 3452 de
1144 3401 1209 3452 Dum
1223 3358 1337 3448 urentes

271 3505 320 3558 per
335 3491 449 3542 celui-ei
464 3511 469 3540 :

520 3616 551 3668 nt
565 3616 653 3684 putris
665 3618 755 3669 saneti
768 3630 849 3668 suero
864 3615 991 3668 morundo
1007 3615 1077 3668 locu.

303 3763 337 3826 (2)
357 3758 497 3823 Granium,
508 3760 548 3811 dit
558 3760 599 3809 Du
611 3759 710 3824 Congo,
720 3759 887 3820 arboretam,
898 3771 1001 3821 neruus,
1012 3759 1098 3821 turus,
1114 3758 1149 3808 iei
1163 3771 1201 3809 un
1216 3744 1337 3835 parodiff·

273 3850 345 3900 Dens
360 3848 384 3899 le
399 3861 462 3899 sens
476 3848 512 3898 du
528 3861 606 3911 repos
621 3860 655 3898 ne
669 3847 837 3912 pourruit-on
853 3853 960 3898 trouver
970 3859 1004 3897 en
1019 3845 1148 3912 promitunt
1160 3832 1342 3910 rttymotosss

272 3941 308 3992 du
324 3943 380 3990 mot
394 3938 472 4006 preve
486 3950 539 4004 que
554 3937 637 3989 Littrb
652 3951 686 3988 ue
701 3937 789 3990 donne
806 3940 875 4002 pus?
