2708 4854
511 445 688 515 ..47-

62 612 335 703 mamquemdam
346 611 532 698 religiosum
542 609 640 699 hujus
652 609 1129 707 aoenabiidisaretum‚numine

64 728 216 798 Ansseius
227 731 250 814 ¹,
269 751 366 819 quem
381 728 499 818 recepit
516 749 600 818 papa
621 727 771 795 Nicotaus
787 727 984 811 haaarifi0e3
1002 727 1058 816 qui
1074 728 1131 794 im·
1172 757 1179 774 ·

67 847 203 933 patravit
218 859 343 937 partem
362 845 507 935 carparis
518 845 651 913 Jaannis
663 844 764 912 sanati
778 843 940 934 martyris,
962 857 993 913 et
1007 856 1129 935 partem

70 959 190 1031 brachii
213 963 300 1031 beati
325 961 496 1045 Alexandri
517 982 609 1051 papae
624 960 729 1049 quinti
747 971 820 1051 past
837 961 968 1029 beatum
986 963 1129 1046 Petrum,

75 1077 111 1145 da
133 1091 240 1149 sauata
256 1080 375 1148 Felicia
392 1090 494 1148 matre
509 1091 631 1170 septem
652 1079 801 1163 fratrum,
821 1079 973 1147 ramalia
993 1080 1131 1148 maxima

78 1198 273 1267 multitudine
289 1209 473 1267 sanctarum
495 1197 563 1265 Dei.

120 1312 191 1382 item
212 1314 319 1382 dictus
339 1315 452 1382 Guelio
474 1313 656 1404 impetrarit
673 1335 691 1380 a
711 1312 866 1402 praedietu
881 1335 956 1401 rege
975 1313 1132 1383 tharotor

86 1428 273 1518 privilegium
290 1430 354 1519 ‘pro
372 1429 490 1497 nostris
507 1424 644 1497 subditis
661 1428 701 1496 de
720 1429 836 1496 Arleux
854 1441 885 1497 et
901 1430 1020 1497 Buri0³
1035 1422 1134 1531 super

90 1539 254 1631 Samanam,
281 1557 313 1614 et
337 1544 499 1613 ordinavit
521 1544 583 1613 tria
607 1545 782 1612 luminaria
804 1567 896 1613 cerea
920 1559 1076 1635 perpetua
1099 1548 1132 1614 in

92 1661 202 1731 eeclesia
220 1662 328 1731 Sancti
346 1661 488 1729 Richarii
507 1652 739 1730 lacentia'ante
753 1662 907 1729 feretrum
925 1684 980 1730 seu
1003 1685 1133 1752 capsam

90 1778 174 1844 sancti
196 1778 338 1846 Richarii
361 1788 393 1846 et
414 1789 489 1845 ante
512 1775 582 1866 ejus
605 1777 788 1866 preciosum
810 1789 908 1866 eaput
928 1799 1000 1846 aum
1020 1778 1134 1846 ceteris

88 1889 241 1982 reliquiis;
271 1894 326 1962 illa
341 1893 517 1962 luminaria
538 1894 748 1984 persolvenda
775 1914 874 1983 super
899 1893 1079 1961 redditibus
1103 1905 1134 1961 et

21 2076 33 2099 ,
81 1999 203 2078 decimis
227 2031 328 2100 prope
356 2009 530 2093 Bersarles,
560 2022 591 2077 et
615 2010 654 2077 de
677 2009 828 2099 praesenti
856 2009 1054 2077 territorium
1075 2031 1134 2077 no·

74 2119 213 2194 minatur
236 2126 436 2195 territorium
460 2125 670 2194 thesaurariae
694 2125 835 2194 ecelesia
853 2124 960 2193 Sancti
977 2125 1131 2194 Richarii.
1219 2168 1222 2181 ·

66 2224 114 2300 Et
132 2253 317 2333 eotempate
330 2254 403 2311 ante
415 2250 512 2333 eaput
524 2241 625 2310 sanati
636 2242 779 2309 Rieharii
795 2253 871 2310 sunt
885 2244 968 2311 saeta
988 2244 1135 2333 quinque

58 2350 226 2427 miracula
251 2381 369 2447 magna
390 2372 421 2428 et
447 2359 629 2483 mamsesta,
656 2370 804 2427 contenta
827 2372 858 2428 et
882 2360 1135 2429 declarataiulio

52 2450 147 2528 57'
141 2496 168 2542 m
185 2476 333 2545 Cronira

567 2676 634 2743 XVI

37 2813 229 2916 Quanta,
247 2846 293 2900 fils
307 2845 341 2900 de
354 2844 653 2914 (marles-ie-Chauva
669 2851 714 2902 16θ
729 2846 810 2901 abbe.
823 2878 857 2886 -
872 2846 894 2900 ll
908 2846 1020 2901 obtieut
1034 2844 1061 2900 la
1074 2861 1136 2903 res-

106 2934 224 2991 titutian
242 2936 277 2990 de
292 2937 400 2990 Drueat
414 2937 430 2989 at
442 2934 578 2992 l'abbarr.
595 2968 629 2975 —
643 2935 750 2991 Defuite
766 2936 800 2990 da
816 2936 919 3006 quinae
935 2934 1014 2989 milla
1029 2935 1136 2989 Danais

104 3032 159 3092 par
170 3022 305 3078 Charles-
306 3021 344 3076 le·
346 3022 523 3078 Charta-e
539 3023 621 3078 Char}
625 3040 672 3077 es-
658 3023 715 3078 -le-
717 3024 832 3078 Chauve
849 3039 1001 3096 empereur
1013 3023 1064 3077 des
1079 3025 1137 3078 Ra-

112 3110 264 3165 mains-
281 3109 303 3164 ll
316 3114 450 3165 retrauve
464 3127 504 3164 un
520 3111 586 3166 elau
601 3115 629 3165 et
649 3127 706 3165 une
721 3111 806 3183 epine
821 3111 860 3165 du
875 3110 1137 3165 trucidement—

115 3197 133 3252 ll
146 3200 267 3255 institue
281 3199 307 3253 le
323 3200 449 3254 Laudisd
466 3200 564 3255 Saint-
566 3201 654 3255 Denis
673 3206 701 3256 et
718 3199 826 3271 legli'se
847 3199 881 3253 de
899 3199 992 3254 Saint-
994 3199 1137 3254 Comeille

111 3306 128 3340 a
144 3289 381 3362 Campiegne—
347 3289 553 3344 —Carlaman
573 3290 642 3361 perd
663 3289 689 3343 ia
713 3288 812 3344 fravaur
833 3290 867 3344 de
885 3287 1063 3362 l'Empereur
1082 3305 1136 3343 son

112 3392 182 3449 pere.
196 3411 230 3419 -
244 3380 302 3433 Son
318 3379 460 3451 epitaphe.

123 3539 208 3624 (t'oir
224 3539 382 3624 tta-iutra,
401 3540 480 3607 lirre
498 3540 673 3624 damietae,
692 3540 852 3630 chapitres
866 3541 1013 3610 XIX-XX.
1035 3584 1073 3592 -
1095 3544 1137 3610 La

54 3642 187 3724 Gutta
206 3657 400 3727 Christiana
418 3678 547 3726 namma
562 3669 613 3726 cet
631 3658 713 3761 apiae
734 3657 1018 3749 Caralaaaaaaas.)

114 3850 143 3912 tt)
158 3853 230 3905 Pour
244 3853 387 3906 Aruseium
401 3853 591 3905 evidemmant.

114 3929 143 3995 rt)
157 3932 209 3986 Sua
222 3938 334 4000 capriata
349 3934 417 3985 dans
432 3933 457 3984 la
471 3933 547 3999 capia
561 3934 594 3984 da
611 3932 678 3985 Dum
693 3933 814 3985 Greaier.

115 4009 144 4074 (3)
160 4013 239 4067 druia
251 4016 320 4067 dans
334 4014 360 4066 la
375 4014 451 4080 capia
466 4014 499 4064 de
514 4014 580 4064 Dom
595 4014 717 4067 Grenier.
