2708 4854
587 326 787 395 -155-

178 508 220 546 en
243 492 339 564 partie
363 491 407 546 les
432 505 556 546 revenus
580 506 637 562 que
662 489 791 562 l'abbaye
814 489 937 562 possede
961 490 979 544 d
1004 477 1220 546 Fonteiae-sur-

180 591 317 646 Somme.

193 747 312 818 Statim
339 760 424 838 pest,
454 749 546 817 sedes
572 759 604 818 et
630 749 715 818 acies
734 751 939 818 Francorum
969 771 1043 818 cum
1068 751 1220 840 Flamigis

144 864 259 955 posita
275 875 323 933 est
339 875 415 934 ante
428 864 598 950 Calesiam,
613 876 645 933 et
660 866 867 954 Franeigenae
880 866 1134 956 subjugaverunt
1148 869 1218 953 Oce,

148 983 237 1049 Mers
250 983 274 1065 ¹,
289 981 458 1069 Sanqutte,
469 982 741 1070 Benelinquebun
750 983 842 1073 juxta
856 968 968 1053 Celeia
977 1007 989 1063 ‚·
1002 984 1056 1052 sed
1070 984 1218 1073 Flamigi

149 1100 277 1189 absque
296 1098 381 1168 situ2
395 1109 425 1166 et
446 1099 575 1167 lieentia
592 1099 685 1167 dueis
700 1101 907 1187 burgundiae,
923 1112 1135 1170 recesserunt.
1151 1102 1220 1182 Qua

148 1216 190 1284 de
212 1237 312 1283 causa
328 1215 440 1283 dietus
460 1216 525 1283 dun
545 1215 672 1284 infinita
691 1216 776 1285 bena
801 1228 831 1284 et
853 1238 911 1284 sua
929 1217 1142 1285 instrumenta
1156 1218 1221 1286 bel-

149 1333 250 1402 lieesa
265 1332 290 1417 ³,
319 1343 348 1400 et
370 1332 477 1400 subite
501 1354 535 1401 se
562 1332 733 1422 refugiant
755 1332 788 1401 in
806 1334 879 1401 villa
901 1335 939 1401 de
957 1334 1070 1414 Lede,-
1093 1345 1124 1402 et
1142 1334 1218 1402 dieti

150 1448 278 1537 anglici
295 1449 524 1517 destruxerunt
538 1450 913 1539 natioeuelapeqret,
936 1462 967 1519 et
983 1453 1076 1542 plura
1094 1453 1163 1521 leea
1185 1453 1218 1521 in

151 1564 316 1632 Flandria.
1065 1655 1067 1659 y

196 1681 233 1749 lu
252 1701 339 1749 anne
357 1680 484 1748 Domini
498 1679 597 1765 4437,
616 1702 670 1749 rex
691 1693 722 1749 et
737 1681 843 1750 emnis
864 1683 1023 1753 exereitus
1036 1683 1220 1774 subjugavit

151 1798 597 1877 llouteriuu-Fuult-lenna·
619 1807 651 1865 et
668 1796 792 1885 Angliei
816 1799 860 1864 du
884 1798 1017 1886 Crettey·
1033 1800 1124 1889 quasi
1149 1823 1219 1870 em-

152 1920 247 2001 nes5,
266 1927 297 1985 et
315 1916 387 1984 villa
408 1916 570 1984 destructa
590 1938 649 2006 per
665 1917 878 1984 senescallum
899 1917 1023 1985 Pentivi
1037 1920 1060 1986 6.
1146 1990 1150 1996 ,

198 2032 320 2101 Eodem
337 2052 434 2116 anne,
449 2032 510 2099 suit
524 2031 677 2100 caristia⁷
694 2043 725 2100 et
741 2032 884 2100 defectus
898 2034 1057 2120 generalis
1071 2034 1218 2103 omnium

151 2150 315 2217 benorum
333 2160 556 2227 terrenorum;
574 2147 617 2216 ita
635 2148 721 2237 qued
735 2170 845 2216 mense
860 2150 1034 2238 septembri
1046 2171 1111 2219 nen
1130 2173 1219 2241 repe-

154 2264 301 2332 riebatur
318 2264 449 2331 bladum
462 2263 654 2333 conveniens
670 2263 710 2331 ad
726 2264 966 2349 seminandum,
981 2277 1013 2333 et
1028 2267 1090 2333 luit
1101 2288 1218 2354 magna
1299 2248 1305 2259 ¹

152 2383 256 2450 sames
268 2381 441 2469 generalia,
453 2381 495 2449 ita
508 2381 594 2470 qued
609 2403 682 2448 eum
697 2381 885 2450 difficultate
896 2383 1085 2470 burgenses,
1096 2384 1218 2452 labera-

154 2510 241 2566 tores
255 2509 286 2566 et
299 2497 492 2566 mercenarii
506 2497 718 2566 comedebant
733 2520 848 2587 panem
868 2485 1078 2583 nemeaeum,
1101 2521 1217 2588 panem

151 2613 278 2698 resciae,
296 2633 404 2683 arenae
424 2625 455 2682 et
473 2614 686 2701 leguminum.
710 2614 780 2682 Non
800 2615 947 2683 abstante
972 2615 1058 2704 qued
1081 2615 1217 2706 subjecti

151 2742 183 2799 et
208 2729 357 2797 homines
381 2729 480 2818 hujus
499 2728 641 2798 ecelesiae
662 2729 755 2819 quasi
775 2730 914 2798 totaliter
932 2730 1178 2799 destruerentur
1191 2735 1215 2817 ⁸,

182 2898 217 2961 (1)
235 2895 294 2957 Oce,
310 2899 376 2947 tters
390 2909 424 2947 eu
440 2896 520 2954 Mero,
535 2895 613 2963 quels
627 2901 688 2947 sont
699 2911 745 2948 ees
759 2897 832 2948 lieux
845 2897 908 2962 pres
921 2897 954 2949 de
968 2897 1076 2949 Calais?
1093 2898 1218 2951 L'extmit

149 2988 185 3039 de
201 2987 314 3050 Bommy
329 2985 419 3036 renuit
433 2985 473 3036 las
487 2986 556 3036 deux
572 2999 649 3036 noms
664 2999 696 3035 en
712 2999 759 3042 un,
776 2984 899 3037 Omnere.
945 3042 948 3048 ,

183 3076 219 3136 (t)
234 3072 296 3126 Situ
314 3075 383 3124 dans
401 3072 441 3123 les
460 3071 530 3124 deux
550 3074 640 3138 copies
658 3074 691 3125 de
710 3073 778 3124 Dem
797 3074 910 3135 Grenier
929 3078 955 3125 et
974 3075 1007 3126 de
1022 3074 1135 3138 Bnluze;
1149 3074 1219 3126 scitu

148 3169 220 3219 dnus
240 3166 355 3216 l'entrait
373 3165 406 3216 de
426 3165 548 3229 Bommy.
570 3163 732 3215 Fuudraitll
751 3164 800 3215 lire
821 3165 886 3226 citu,
906 3178 942 3215 un
961 3165 1129 3216 barbarismo
1150 3166 1218 3216 mais

146 3258 196 3324 qui
213 3255 334 3322 pourrait
349 3254 468 3319 signifler
482 3253 577 3320 appel?

181 3347 218 3407 (3)
234 3345 373 3396 Perdidit?

184 3436 219 3496 (ll
236 3434 402 3500 Pepemnque
416 3433 485 3484 daus
499 3432 613 3483 l'extrait
627 3432 660 3483 de
676 3433 797 3497 Bommy.

182 3528 218 3587 (5)
237 3525 258 3575 ll
274 3524 375 3576 semble
391 3524 500 3574 drident
513 3523 597 3588 qu'nn
611 3524 691 3574 verbe
705 3537 823 3589 manque
841 3523 882 3574 ici.

182 3617 221 3675 (n)
236 3615 312 3665 Nous
331 3628 415 3666 avons
435 3613 552 3676 tacente,
571 3628 635 3664 avec
659 3614 790 3679 quelques
805 3613 911 3676 delude,
927 3629 957 3666 ce
972 3615 1045 3681 siege
1059 3615 1128 3666 dnus
1141 3612 1217 3666 l'llr's·

149 3706 221 3756 loire
236 3704 269 3753 de
283 3701 351 3768 Cinq
373 3702 457 3763 Vides,
472 3703 500 3752 Τ.
517 3703 552 3765 ll,
569 3718 593 3768 p.
611 3702 664 3754 173.

182 3791 219 3852 (7)
235 3787 363 3850 Caristia,
379 3789 479 3851 charte,
494 3803 610 3841 annona
624 3791 735 3843 caritas.
755 3818 781 3827 -
798 3790 840 3843 Du
854 3791 954 3856 cange.

183 3881 218 3943 (8)
235 3879 351 3930 l'ussent
367 3879 470 3929 ruines.
