2708 4854
692 415 893 506 qao-

294 578 464 634 Jerusalem.
475 610 510 618 —
525 578 662 650 luodigas
676 579 749 634 dans
761 578 805 635 les
814 579 920 650 eglises
934 584 963 635 et
975 579 1049 635 dous
1062 579 1105 637 les
1117 580 1266 654 chapelles
1278 581 1326 637 des

295 674 464 747 Terrrpliers,
478 678 562 746 apres
575 672 756 729 l'cnlinclion
769 674 804 729 de
817 673 882 729 leur
895 674 990 729 ordre.
1005 706 1041 717 -
1052 675 1186 731 Femina.

304 880 396 968 (l'oir
412 880 492 950 llom
512 879 631 950 Cotron
646 882 665 949 al
678 880 806 951 l’anude
822 880 937 972 lbdd.)

303 1052 371 1121 Ono
398 1051 460 1121 luit
487 1052 673 1141 trigesimus
698 1053 832 1144 quintus
858 1053 958 1122 abbas
982 1051 1082 1143 hujus
1109 1053 1273 1123 coenobii¹
1294 1065 1321 1122 et

261 1168 359 1258 carpit
376 1188 511 1256 regnare
527 1189 612 1238 anno
627 1168 751 1238 domini
764 1168 863 1239 ltus.
879 1170 920 1238 Et
933 1179 1079 1260 tempore
1092 1168 1188 1239 istius
1203 1169 1320 1238 abbatis

259 1285 415 1354 destructi
425 1297 501 1353 sunt
513 1285 654 1354 universi
667 1286 897 1377 Templarii,ct
914 1287 985 1356 loco
1005 1286 1145 1356 istorum
1163 1286 1318 1356 constituti

260 1401 378 1470 suntin
395 1401 462 1470 suis
472 1402 615 1470 eeclesiis
631 1401 754 1471 domini
773 1403 892 1472 milites
904 1402 1073 1494 hospitalis
1082 1403 1187 1473 saneti
1195 1402 1318 1473 loannis

261 1518 301 1586 de
318 1518 510 1586 lerusalem.
531 1518 764 1603 l'osscssiones‚
788 1520 914 1588 lructus
932 1529 965 1588 et
981 1530 1160 1610 proventus
1179 1519 1317 1610 Templa·

260 1634 384 1702 riorum
401 1632 548 1722 deputati
563 1644 639 1701 sunt
658 1634 806 1722 religioni
823 1655 903 1703 snae.
920 1636 971 1718 Et,
989 1648 1025 1703 ut
1038 1635 1224 1704 communis
1240 1635 1317 1703 lama

257 1754 370 1834 sumat,
393 1751 537 1819 simulet
558 1751 669 1835 semel,
689 1751 722 1819 in
749 1751 861 1820 eudem
882 1763 988 1837 nocte,
1006 1764 1143 1844 propter
1161 1752 1315 1844 quoddam

257 1869 362 1936 scelus
374 1880 406 1936 et
418 1880 585 1958 peecatum
600 1868 776 1953 occultum,
788 1868 967 1959 perierunt.
978 1870 1132 1939 Ecclesiae
1143 1882 1176 1941 ct
1186 1869 1316 1940 oratoria

257 1986 415 2074 ipsorum,
435 1984 641 2069 miraculose,
667 1983 835 2054 divisionis
860 1986 966 2055 labem
989 1986 1024 2055 in
1054 1986 1123 2056 suis
1155 1986 1316 2056 structuris

256 2102 485 2171 sustinuerunt
502 2113 533 2171 et
549 2102 724 2170 fracturam
741 2125 749 2186 ;
766 2103 811 2171 itu
827 2103 914 2193 quod
932 2125 951 2172 a
970 2125 1100 2173 summo
1114 2125 1220 2194 usque
1235 2105 1316 2173 deor·

256 2242 328 2289 sum
349 2221 472 2311 lapides
490 2220 630 2311 separati
651 2231 729 2288 sunt
751 2221 791 2288 ab
814 2220 964 2306 invicem,
988 2232 1019 2290 et
1046 2221 1194 2291 bitumen
1219 2220 1316 2291 divisit

256 2339 538 2428 conjunctionem
555 2338 713 2428 lapidum.
732 2339 772 2407 Et
789 2339 867 2408 illud
881 2351 928 2408 est
947 2339 1156 2409 manifestum
1172 2338 1313 2430 usquein

257 2455 450 2524 hodiernum
471 2454 569 2522 diem.
593 2455 751 2544 Tempore
776 2455 870 2524 istius
890 2455 1011 2524 Odonis
1029 2456 1156 2525 abbatis
1181 2438 1313 2545 regnarit

259 2569 399 2637 maxima
416 2571 529 2651 lameS,
552 2580 583 2636 el
597 2568 657 2637 riri
674 2581 705 2637 et
720 2570 873 2639 mulieres
891 2570 978 2639 sanie
998 2571 1161 2662 peribant,
1178 2582 1210 2640 ct
1227 2576 1312 2662 super

258 2686 428 2754 itineribus
450 2685 705 2771 moriebamur-³,
726 2697 758 2755 et
775 2687 884 2755 nullus
897 2687 947 2754 vix
961 2676 1089 2777 poterat
1105 2686 1272 2761 snbrunire
1286 2676 1316 2753 el'

257 2823 449 2871 succurrere
472 2802 577 2870 ricino
604 2813 660 2870 aut
688 2803 804 2888 amico,
835 2815 969 2893 propter
993 2803 1154 2873 delectum
1180 2812 1309 2892 segetum

261 2920 487 2987 universalem.
518 2919 557 2986 Et
582 2929 727 3007 tempore
751 2919 861 3003 istius,
891 2919 1046 3008 regnabat
1072 2942 1127 2989 rex
1145 2918 1310 3010 Philippus

260 3036 365 3104 dietus
393 3037 421 3102 lc
440 3035 498 3102 Bel
520 3034 576 3123 qui
601 3035 773 3103 aedificavit
791 3035 947 3126 palatium
967 3035 1093 3124 regium
1119 3028 1248 3104 Parisiis
1259 3052 1309 3124 pro

287 3268 322 3329 (l)
337 3269 375 3319 Lo
392 3264 480 3319 Gallio
496 3265 653 3319 Christiano
668 3279 776 3316 rtommo
790 3265 868 3317 Odon
883 3264 924 3315 ll·
939 3264 1008 3315 abbe
1022 3263 1057 3316 do
1070 3262 1277 3331 Sciat-Riguiea
1288 3264 1309 3337 el

254 3357 293 3408 lui
309 3360 402 3409 donne
417 3372 485 3423 pour
499 3369 670 3412 successeur,
678 3360 759 3405 ovant
768 3354 836 3406 dcun
847 3355 880 3405 do
895 3354 1093 3417 Foucuucoura
1103 3354 1238 3407 Buslacbo
1249 3353 1309 3403 1⁸¹-

254 3445 420 3496 Eustachius
436 3473 462 3482 -
480 3444 526 3509 qui
546 3443 705 3507 gouvernait
724 3455 758 3492 en
777 3441 831 3492 l'un
853 3440 919 3492 l‘llll.
939 3441 975 3492 Le
990 3440 1020 3491 P.
1036 3440 1145 3507 lgnoce,
1160 3440 1207 3507 qui
1220 3435 1309 3491 semble

257 3535 333 3584 avoir
347 3534 416 3584 suivr
432 3532 500 3584 leon
515 3533 548 3583 de
562 3531 588 3582 lu
603 3531 731 3597 Chopelle
749 3544 784 3583 ou
803 3530 881 3581 s'etre
896 3530 967 3581 servi
980 3530 1170 3583 d'indiculious
1183 3526 1309 3596 recuesda

253 3620 376 3685 l'ubboyc
391 3622 424 3671 dc
436 3619 642 3683 Saint-Iliquier
656 3624 684 3669 el
698 3618 784 3684 prises
798 3632 846 3670 sur
860 3618 885 3669 le
898 3618 1049 3670 manuscrit
1062 3618 1100 3669 du
1113 3618 1179 3670 cure
1191 3618 1308 3676 donum,

253 3710 351 3768 donne,
377 3723 482 3761 comme
508 3709 557 3773 lui,
579 3709 656 3761 Odon
680 3723 750 3774 pour
771 3709 812 3760 35⁰
833 3708 912 3768 abbe,
936 3712 964 3760 et
985 3708 1055 3761 dean
1078 3709 1112 3761 de
1135 3708 1310 3761 Fouccucourt

254 3811 324 3862 pour
336 3798 387 3847 36⁴.

285 3888 320 3951 (ἲ)
337 3886 544 3941 Conaeclioaena
558 3887 627 3939 dans
641 3887 756 3938 l'extrait
769 3887 802 3939 do
816 3887 937 3952 Bommy.

283 3977 319 4044 (3)
333 3976 479 4030 lllanebunl
496 3978 564 4030 dous
580 3976 695 4029 l'extroit
708 3977 741 4028 de
755 3976 879 4042 Bommy.
