2708 4854
510 450 688 520 „23-

59 615 204 685 serviens
221 614 379 682 fratribus
394 636 468 682 eum
484 635 550 682 uno
569 613 754 682 molendino
769 624 873 682 stante
891 614 924 681 in
941 614 1012 683 looo
1031 615 1130 682 lossa·

60 743 167 799 torum
191 731 435 799 modernorum.
456 731 494 797 Et
509 729 599 798 istae¹
624 741 687 797 tres
703 730 846 798 eeclesiae
862 730 1017 798 dedicatae
1038 741 1127 815 sunt,

60 848 142 916 sicut
169 848 296 915 dictum
325 857 383 931 est,
410 868 468 936 per
491 845 662 914 duodecim
691 845 963 936 archiepiscopos
988 868 1127 936 quorum

61 964 193 1032 nomina
207 974 407 1053 sequuntur:
423 962 651 1051 Magnihardus
665 961 944 1050 RothomagensiS‚
955 963 1125 1050 Georgius,

61 1081 211 1165 11666166,
234 1081 323 1164 Pleo,
345 1079 591 1167 Childegardus,
607 1079 827 1162 Theodoreus,
844 1079 1046 1163 Ydelmarus‚
1066 1079 1125 1147 Be·

61 1196 221 1281 6611666,
238 1197 395 1281 Brellem,
411 1197 562 1279 loannes
579 1195 739 1279 passivus,
751 1205 782 1263 et
802 1195 1015 1264 duodecimus
1032 1195 1127 1283 igno·

61 1325 160 1383 ratur.

575 1527 610 1580 lll

59 1706 138 1761 Suite
154 1705 206 1760 des
221 1709 341 1794 travaux
355 1702 390 1758 de
406 1703 483 1758 saint
493 1703 652 1774 angilbert.
665 1734 699 1742 —
712 1703 860 1775 Chapelles
872 1702 993 1760 londees
1006 1721 1059 1778 par
1072 1704 1124 1762 lui.

99 1885 268 1974 Sequntur
289 1883 418 1973 capellae
434 1904 513 1972 quas
534 1882 691 1951 fundavit.
716 1881 824 1950 Prima
844 1881 979 1951 ecelesia
1002 1879 1127 1951 811861-

54 2002 187 2087 valoris,
207 2011 240 2068 et
261 2000 295 2068 in
327 2022 365 2069 ea
392 2001 572 2069 habebatur
598 2001 638 2068 de
669 2011 754 2068 veste
781 1998 967 2068 inconsutili
996 1998 1125 2067 Domini

55 2118 169 2202 nostri,
185 2117 226 2186 (16
244 2137 352 2200 eruce,
370 2117 410 2184 de
431 2117 614 2206 sepulchro,
629 2116 669 2184 (16
683 2115 736 2184 filo
753 2115 856 2183 beatae
873 2113 994 2199 Mariae,
1014 2114 1053 2182 de
1071 2115 1124 2181 ln-

53 2234 249 2303 noeentibus
268 2256 275 2315 ;

98 2342 228 2433 Capella
241 2340 282 2409 su
296 2340 450 2421 Richarii,
467 2340 500 2408 in
514 2361 579 2429 qua
594 2338 781 2429 quiesoebat
797 2350 899 2408 totum
917 2340 988 2430 ejus
1003 2364 1121 2432 corpus

53 2481 128 2527 curn
147 2457 313 2548 aliquibus
328 2456 520 2525 sanctuariis
536 2457 637 2524 heatae
657 2456 764 2524 llariae
784 2456 917 2545 virginis
934 2481 941 2540 ;

98 2575 228 2666 Capella
242 2574 344 2643 saneti
359 2573 492 2642 loannis
512 2572 661 2661 Baptistae
680 2572 713 2639 in
734 2595 799 2662 qua
814 2584 907 2641 erant
919 2596 991 2642 ossa
1005 2575 1123 2644 Zacha-

55 2691 110 2759 riae
129 2691 201 2780 ejus
220 2691 344 2782 patris;
801 2763 803 2769 ,

98 2809 226 2899 Capella
239 2807 325 2876 beati
345 2806 429 2876 Petri
450 2806 484 2873 in
505 2829 569 2896 qua
586 2817 679 2875 erant
699 2828 771 2875 ossa
791 2807 960 2876 beatorum
983 2808 1068 2876 Petri
1089 2820 1121 2878 et

56 2926 143 2994 Pauli
170 2936 202 2994 et
229 2923 330 2993 sancti
357 2923 541 3008 Clementis,
568 2934 599 2991 et
621 2945 709 2991 nuno
733 2923 853 2992 dicitur
881 2947 977 3014 capsa
1001 2939 1119 2996 sanetae

58 3041 169 3110 Primae
185 3065 193 3126 ;

98 3159 269 3250 Capellana
290 3158 392 3226 saneti
415 3157 568 3247 Stephani
589 3156 708 3247 inqua
732 3169 824 3227 erant
846 3181 920 3228 ossa
943 3159 1045 3228 sancti
1069 3159 1118 3229 Si·

62 3276 175 3346 meonis
191 3275 358 3366 prophetae
375 3297 382 3343 :

99 3391 224 3483 Capella
251 3391 353 3460 sancti
382 3391 527 3471 Quintini
556 3392 590 3458 in
618 3413 683 3481 qua
710 3404 802 3460 erant
824 3414 897 3460 ossa
929 3405 1115 3461 sanctorum

65 3504 212 3599 Clrrispini
226 3518 259 3576 et
275 3506 469 3597 Crispiniani
484 3508 646 3577 sociorum
662 3508 728 3576 duo
747 3507 819 3598 (sie)
837 3519 869 3577 et
873 3562 939 3577 .....
951 3510 980 3592 ‘²3

100 3623 223 3715 Capella
237 3634 354 3694 sanetae
375 3623 487 3694 Crucis
506 3624 540 3692 in
556 3647 620 3715 qua
637 3634 706 3693 emt
721 3625 761 3692 de
781 3634 891 3693 saneta
907 3623 1009 3693 Cruee
1026 3649 1034 3709 ;

95 3837 122 3901 ll)
138 3840 177 3890 ltu
196 3838 252 3892 lieu
265 3840 346 3892 d'taa
362 3840 388 3890 la
408 3840 484 3906 copie
501 3840 534 3891 (16
554 3839 654 3891 Baluze
673 3841 763 3890 donne
780 3839 867 3904 justa.
887 3838 938 3890 l'oi
959 3853 1008 3891 eru
1022 3839 1115 3890 devoir

72 3927 193 3988 reprendre
206 3928 261 3980 iate
275 3927 341 3979 dans
356 3927 423 3978 66116
439 3928 472 3978 (16
488 3927 553 3978 Dom
569 3926 690 3977 Gronior.

95 4010 121 4072 (tt
136 4013 259 4081 1666ρί6
274 4016 307 4067 (16
322 4015 390 4066 Dom
405 4015 519 4068 Grenier
531 4016 622 4067 donne
636 4015 805 4066 seulement:
824 4013 959 4079 frat-runt.
