2708 4854
672 380 851 452 „70-

234 544 405 629 b'custria,
420 555 451 614 et
467 544 595 613 monuit
608 544 807 614 llielmrdum
821 546 938 616 ducem
951 544 1138 616 Normaniae
1152 558 1191 616 ut
1206 549 1299 617 eccle·

233 662 289 731 sice
305 662 407 730 sancti
419 662 563 730 llicbarii
575 662 698 751 aliquid
714 662 860 731 donaret.
873 663 934 744 Qui
948 663 1081 752 quidem
1092 664 1159 732 dux
1171 664 1298 756 propria

237 801 336 848 manu
359 780 449 848 dedit
469 780 498 848 ci
519 781 683 869 quandam
702 781 843 849 casulam
868 803 1069 872 purpuream
1094 804 1153 852 seu
1173 782 1297 875 punicei

233 894 351 963 coloris
368 915 449 962 auro
467 905 498 962 et
519 895 622 963 scrico
643 906 836 981 contextam,
856 907 888 964 et
914 917 1065 984 magnam
1084 896 1246 965 decimam
1261 896 1298 965 do

235 1011 446 1079 Scabcllirilla
465 1010 556 1100 juxta
577 1012 841 1096 llonnelluctum‚
863 1012 1041 1101 vulgariter
1056 1014 1254 1100 ›Hotrttcllctq
1273 1012 1300 1082 ci

235 1127 450 1195 describendo
470 1139 501 1196 et
521 1128 680 1216 signando
700 1150 755 1196 seu
778 1128 950 1217 sigillando
971 1140 1094 1198 cartam
1112 1141 1145 1199 et
1164 1130 1301 1199 litteram

236 1244 468 1329 authenticam,
484 1244 702 1313 continentem
714 1245 837 1312 donum
855 1256 1048 1336 perpetuum
1063 1245 1097 1314 in
1112 1258 1301 1336 augmenta·

233 1361 352 1429 tionem
370 1360 467 1429 unius
484 1361 624 1448 religiosi
642 1373 673 1430 ct
687 1362 719 1428 in
734 1361 914 1431 remedium
931 1374 1142 1454 peccatorum
1156 1360 1302 1455 praedicti

236 1476 400 1561 lliclrardi,
419 1476 489 1566 ejus
509 1477 631 1562 uxoris,
649 1477 699 1545 sui
716 1476 818 1567 patris
837 1487 869 1546 et
888 1477 1002 1546 matris
1022 1488 1055 1546 et
1071 1498 1209 1547 suorum
1227 1478 1304 1546 libe-

236 1614 372 1676 rorum;
396 1604 425 1661 ot
447 1595 508 1661 boe
531 1593 563 1660 in
588 1594 760 1684 praesentia
778 1593 910 1662 lloberti
931 1593 1204 1682 Rothomagensis
1222 1593 1305 1685 epis·

235 1711 322 1798 copi,
345 1709 401 1798 qui
425 1709 573 1777 similiter
594 1709 622 1776 ei
643 1709 733 1776 dedit
755 1731 857 1777 unum
884 1709 1011 1776 dorsale
1029 1729 1182 1776 aureum.
1214 1709 1255 1778 Et
1274 1708 1307 1777 iu

239 1847 386 1913 regressu
406 1826 534 1893 intravit
553 1826 715 1894 abbatiam
737 1837 769 1894 et
796 1825 981 1895 coenobium
1003 1824 1111 1894 Sancti
1130 1824 1260 1893 Aobani
1275 1825 1307 1893 in

238 1942 325 2010 dicto
339 1942 472 2024 ducatu,
490 1954 521 2010 et
534 1942 700 2031 inquisivit
720 1942 840 2010 devita
857 1952 888 2010 et
904 1941 1015 2030 gestia
1030 1941 1071 2009 de
1087 1953 1194 2012 morte
1207 1942 1310 2011 sancti

236 2058 374 2145 l'igoris,
403 2058 562 2146 religiosis
591 2059 785 2127 declarando
804 2058 891 2148 quod
915 2058 948 2125 in
977 2058 1176 2128 monasterio
1202 2057 1310 2128 Sancti

240 2174 381 2243 Riclrarii
399 2186 500 2243 totum
522 2175 592 2264 ejus
611 2196 729 2265 corpus
748 2174 935 2264 quiescebat
951 2197 958 2257 ;
978 2185 1022 2258 et,
1044 2173 1125 2264 ipsis
1144 2175 1317 2244 contradi-'

239 2265 561 2374 continuandorum
576 2314 609 2359 se
620 2291 740 2360 babere
753 2291 939 2359 inferiorem
954 2289 1179 2358 mandibulam
1196 2290 1312 2382 capitis

239 2407 315 2475 dicti
333 2407 449 2490 saneti,
469 2409 556 2496 quod
576 2420 741 2497 repertum
762 2418 810 2475 est
831 2428 900 2474 esse
925 2427 1036 2474 rerum
1058 2426 1119 2495 per
1136 2406 1312 2496 praelatum

239 2525 490 2610 lngerrannum.
512 2523 589 2590 ltem
609 2522 735 2612 paulati
754 2521 896 2610 religiosi
912 2521 940 2590 ci
957 2522 1208 2590 declaraverunt
1224 2521 1311 2610 quod

242 2639 437 2727 migraverat
457 2661 475 2706 a
496 2639 615 2707 sacerdo
631 2638 663 2706 in
681 2639 852 2707 festivitate
868 2637 1020 2708 Omnium
1040 2637 1239 2707 Sanctorum
1255 2661 1264 2722 ;
1283 2649 1314 2706 et

243 2752 329 2839 inde,
345 2755 397 2823 die
414 2756 574 2844 sequenti,
590 2755 623 2821 in
637 2754 689 2823 die
701 2752 1027 2823 Commemorationis
1040 2764 1232 2822 sanctarum
1247 2753 1315 2822 ani·

242 2871 531 2956 marum‚instituit
549 2871 620 2961 ejus
635 2871 806 2939 transitum
824 2870 1034 2939 solemnisare
1046 2868 1314 2962 ailmmtimper·

243 2990 348 3080 petuis
371 2990 583 3079 temporibus.
604 2989 683 3078 lljus
702 3000 790 3075 gesta
810 2998 841 3056 et
861 2990 944 3056 laeta
965 2986 1099 3055 dictavit
1114 2998 1147 3056 et
1164 2987 1198 3055 in
1215 3002 1312 3057 cantu

242 3106 424 3196 composuit
451 3117 482 3174 ct
504 3106 641 3174 ornavit.
671 3106 722 3189 Et,
753 3105 806 3173 illo
828 3115 984 3193 tempore,
1002 3124 1021 3170 a
1040 3103 1160 3172 comite
1185 3092 1313 3173 Pontiui

245 3196 448 3313 recuperarit
467 3222 543 3289 huie
564 3221 706 3290 ecclesia
730 3233 761 3289 ct
784 3219 925 3310 rejunxit
944 3219 1050 3287 villam
1069 3219 1111 3288 de
1136 3219 1313 3289 Conlerille

241 3339 335 3408 uobis
353 3339 524 3406 sublatam.
545 3339 584 3405 lit
603 3359 642 3405 co
663 3348 806 3426 tempore
827 3334 975 3423 migravit
997 3357 1016 3402 a
1037 3335 1157 3405 saeculo
1174 3357 1233 3404 rex
1249 3337 1313 3406 Ro·

238 3457 364 3538 bertns‚
391 3458 562 3544 postquam
582 3466 714 3542 rexerat
733 3453 776 3522 dd
798 3452 891 3520 annis
912 3452 973 3520 lroe
992 3463 1193 3541 regnum„et
1208 3452 1313 3522 aedifi-

240 3582 367 3640 caverat
395 3571 563 3638 ecclosiam
586 3570 691 3639 Sancti
717 3569 844 3654 triani,
868 3568 1036 3637 ecclesiam
1060 3568 1165 3637 beatae
1186 3568 1310 3654 Mariae,

241 3688 409 3757 ecclesiam
440 3689 525 3756 beati
554 3688 651 3756 Clarii
673 3699 747 3756 ante
767 3687 923 3777 palatium
942 3685 1189 3770 Aurelianense,
1212 3688 1313 3756 eccle

243 3806 323 3874 siam
341 3805 447 3874 Sancti
469 3804 657 3893 Leodegarii
674 3804 705 3871 in
727 3805 878 3885 llueline,
899 3802 1069 3872 eeclesiam
1086 3801 1195 3872 Sancti
1212 3802 1311 3871 Marci

242 3921 275 3989 in
298 3923 390 4010 l'itrp
404 3924 432 3990 le
449 3923 566 4004 Custcl,
585 3921 693 3990 Sancti
710 3920 824 4008 Reguli
843 3921 875 3988 in
893 3919 967 3988 villa
983 3912 1225 4005 Silvaneelerisi,
1240 3920 1311 4009 gal·
