2708 4854
646 348 780 419 —tltt
801 338 853 401 -'

253 512 454 581 Guissaaous
472 532 530 580 uus
544 511 678 597 Sarnus,
695 492 760 580 4⁶2¹·
774 510 873 580 abbas
889 510 988 602 bajus
1006 499 1189 599 coenobii'1,
1210 499 1281 585 sue-

209 650 318 697 cessor
340 628 416 697 dicti
445 629 603 716 lingonis,
632 639 818 697 eratnatus
841 629 880 698 de
906 630 1071 699 Burbonia
1094 642 1126 701 et
1148 633 1276 702 nobilis.

209 744 283 812 Fuit
299 743 406 833 primo
428 746 607 813 monachus
627 755 658 813 61
674 744 873 814 infirmarius
893 746 1034 815 ooenobii
1056 731 1278 819 Cluniaoensis

209 869 240 926 ot
252 858 351 926 abbas
367 858 510 927 ecelesiae
524 859 608 928 beati
625 860 710 929 Petri
726 860 835 928 11611111
849 860 930 929 Diae
941 859 1201 950 ianormanuia.
1218 865 1279 934 lsle

209 975 290 1042 rexit
308 974 514 1044 laudabiliter
533 987 566 1045 61
586 976 757 1066 acquisivit
779 976 880 1044 multa
904 977 990 1046 bona
1016 977 1094 1046 bu'io
1119 979 1275 1066 ecelesiae.

207 1089 333 1158 l'irilin
343 1092 404 1158 hoc
418 1092 489 1159 loeo
501 1091 543 1159 11
557 1078 1275 1182 111111611111111116111111611οωί1111110,
1337 1155 1340 1162 .

101 1226 104 1231 ⁴
208 1227 317 1275 rnense
337 1206 460 1296 aprilis.
485 1209 546 1276 Iste
562 1208 708 1277 fundavit
729 1209 860 1278 missam
879 1209 1108 1279 detunctorum
1132 1212 1213 1282 leria
1232 1235 1279 1283 se-

207 1323 313 1391 cunda
333 1323 373 1391 de
386 1344 481 1392 mane
497 1324 568 1411 (sic)
586 1348 594 1409 3
618 1336 647 1394 et
665 1325 742 1394 emit
759 1322 904 1394 redditus
921 1327 1117 1412 conuentui3
1140 1339 1172 1397 61
1185 1329 1279 1399 susti-

207 1440 278 1507 nuit
300 1440 383 1509 duos
412 1462 582 1531 processus
610 1452 722 1510 contra
747 1443 978 1531 Dompmortia
1001 1463 1062 1533 pro
1080 1443 1231 1534 Quesatoy
1247 1457 1278 1515 61

206 1556 358 1641 obtinuit,
380 1579 438 1647 pro
460 1579 561 1646 grano
578 1558 699 1642 debito,
722 1559 806 1627 sieut
825 1569 857 1627 et
875 1558 926 1627 sui
947 1558 1215 1649 praedecessores.
1238 1563 1279 1630 Et

206 1696 266 1742 suo
291 1685 449 1764 tempore,
474 1673 568 1764 quasi
595 1694 680 1742 anno
709 1673 808 1759 1396,
836 1673 964 1764 ipsein
991 1674 1132 1764 persona
1155 1672 1278 1745 eratin

205 1790 320 1880 praelio
339 1801 451 1858 eontra
474 1790 619 1859 infideles
643 1790 677 1858 in
696 1812 796 1878 regno
814 1790 1012 1879 ilungariae3
1036 1791 1070 1859 iu
1087 1814 1154 1882 quo
1174 1793 1278 1863 chris·

206 1906 284 1974 liani
305 1907 391 1997 passi
408 1919 483 1976 sunl
502 1929 619 1995 magna
635 1907 764 1975 damna.
781 1907 843 1975 lste
863 1907 963 1976 abbas
981 1919 1052 1977 6111
1067 1930 1143 1978 oum
1160 1909 1279 1980 comite

205 2023 300 2112 Augi,
318 2024 431 2112 gallire
447 2024 513 2106 Eo,
531 2035 562 2092 61
582 2023 714 2092 domino
741 2023 781 2092 de
806 2023 911 2112 Couey
932 2023 989 2115 qui
1012 2020 1135 2096 ibidem
1156 2029 1279 2097 mortui

205 2150 292 2206 sunt.
307 2138 464 2207 Dominus
482 2160 589 2207 comes
604 2139 642 2205 de
655 2137 782 2221 Neaera,
799 2139 939 2207 loannes
954 2139 1011 2229 qui
1029 2140 1093 2210 luit
1110 2140 1176 2211 dux
1195 2143 1278 2211 Bur-

205 2255 335 2343 gundiae
350 2256 482 2322 fuerunt
497 2253 718 2345 prisionnarii.
735 2254 774 2322 Et
789 2255 903 2323 eodem
921 2277 1007 2325 anno
1019 2256 1197 2344 Elisabeth,
1209 2257 1278 2328 [ilia

206 2371 290 2459 regis
309 2371 465 2454 Francia,
482 2382 583 2461 nupta
600 2381 648 2438 est
668 2392 742 2438 oum
758 2370 919 2440 Riobardo
932 2393 1008 2460 rege
1023 2373 1158 2462 Angliae,
1177 2396 1277 2465 quem

205 2487 365 2557 interiecit
377 2499 408 2556 61
419 2487 536 2557 oceidit
546 2487 706 2556 llenrious
718 2487 783 2555 dux
797 2488 1037 2574 debonolostre,
1048 2511 1136 2560 anno
1146 2491 1276 2561 Domini

205 2600 315 2685 taam
340 2623 438 2692 super
463 2613 566 2670 morte
591 2601 685 2692 eujus
709 2624 826 2691 magna
843 2603 957 2693 proelia
979 2616 1050 2673 orta
1068 2616 1158 2674 sunt.
1179 2606 1275 2692 Item,

204 2729 348 2807 tempore
371 2717 464 2786 istius
484 2718 651 2787 Guissardi
671 2719 808 2804 abbatis,
831 2719 987 2805 Parisius,
1008 2720 1042 2789 in
1066 2721 1166 2791 domo
1188 2723 1279 2812 regia

203 2833 310 2902 Sancti
323 2835 426 2918 Pauli,
440 2835 680 2903 ordinataesunt
696 2836 821 2904 ehoreae
837 2836 1016 2920 nootuales,
1031 2847 1074 2922 et,
1085 2836 1119 2905 in
1133 2839 1277 2928 quadam

203 2962 308 3035 noete,
337 2973 444 3019 eomes
465 2952 503 3018 de
525 2952 659 3039 Jotqny,
690 2952 862 3019 bastardus
881 2953 919 3019 de
940 2953 1028 3038 roo,
1054 2964 1086 3022 61
1113 2953 1208 3043 Hugo
1239 2957 1279 3023 de

204 3065 335 3133 Grieuse
365 3066 497 3134 luerunt
524 3065 598 3153 igne
627 3065 737 3133 subtili
767 3066 964 3135 concremati
990 3077 1022 3136 et
1049 3067 1171 3137 mortui
1199 3080 1279 3138 suut

202 3203 301 3273 super
319 3183 438 3250 locum.
461 3182 658 3250 urinatores
679 3182 890 3251 erediderunt
914 3182 1074 3253 sulloeare
1090 3196 1122 3253 et
1138 3186 1277 3255 combu-

201 3319 272 3365 rere
304 3318 412 3384 regem
439 3296 561 3365 ibidem
583 3307 788 3387 praesentem,
816 3297 873 3366 sad
903 3297 1056 3376 mulieres
1087 3299 1215 3370 nobiles
1245 3311 1277 3370 61

200 3415 299 3483 duces
315 3414 436 3483 ibidem
452 3415 636 3500 existentes,
651 3436 716 3483 non
733 3416 925 3507 culpabiles,
942 3418 1147 3488 salvaverunt
1162 3440 1275 3510 regem

200 3530 416 3618 extinguendo
441 3530 547 3618 ignem
571 3552 590 3598 a
612 3530 752 3599 vestibus
776 3531 843 3600 suis
871 3543 1000 3600 eleum
1023 3531 1132 3602 subito
1154 3534 1276 3625 spolia·

199 3658 326 3731 rerunt,
349 3664 407 3714 neo
428 3658 605 3737 potuerunt
624 3648 747 3717 salvare
769 3648 1105 3718 neminemnam
1125 3660 1276 3742 tempore

229 3817 264 3881 (l)
279 3818 465 3871 Guisobardus
479 3819 512 3870 de
528 3819 607 3882 Salis,
623 3818 663 3869 51·
678 3819 749 3871 abba
759 3821 838 3879 ¹daus
851 3819 879 3871 11
895 3816 985 3873 Gallia
998 3817 1179 3887 diarmitium
1194 3822 1276 3876 Guis-

200 3907 262 3958 sard
278 3908 326 3959 des
340 3907 437 3967 Salles,
451 3907 477 3961 lo
491 3908 532 3959 11·
547 3909 615 3960 dans
631 3908 656 3959 la
672 3910 702 3960 P.
721 3910 829 3974 lguaca.
