2708 4854
672 402 715 415 -
741 360 807 431 tae
830 401 875 413 -

233 526 324 593 item.
354 548 414 615 pro
436 524 577 615 qrradam
604 525 738 593 tabula¹
760 524 794 593 in
819 546 885 615 qua
907 524 1010 593 beate
1036 524 1147 593 ilariae
1171 523 1297 613 virginis

233 642 340 729 imago
359 652 391 710 et
408 641 555 733 praedicti
574 640 700 710 abbatis
717 640 959 733 representatio
977 652 1170 732 sumptuose
1189 640 1297 731 depin-

232 768 356 843 guntur
368 756 412 825 :to
430 756 528 825 libras
544 757 557 801 '²
573 756 762 825 contribuit.

279 874 369 957 item,
379 876 451 941 seri
464 895 596 964 cappas,
605 872 628 941 -i
640 872 808 957 casuaaa
821 872 949 941 tunicas
959 872 1024 942 ati
1038 871 1220 942 domatiras
1228 871 1299 940 liliis

233 1000 264 1056 et
281 989 362 1057 rosis
379 999 568 1079 sumptuose
580 1000 757 1073 contextas,
772 988 806 1055 iu
825 987 1009 1078 semiduplo
1021 999 1054 1057 et
1067 988 1187 1057 diebus
1199 986 1299 1056 domi-

233 1106 315 1174 uieis
334 1106 565 1196 deportandas,
580 1106 657 1175 huie
673 1106 817 1207 ecclesiae
832 1105 983 1175 similiter
1000 1105 1192 1175 contribuit.
1210 1106 1298 1189 lteru,

233 1224 415 1313 parimeuta
435 1224 527 1311 nigra
542 1223 754 1292 Toruaeeusis
769 1224 780 1269 i
797 1222 855 1291 toti
871 1222 1015 1292 ecclesia
1030 1221 1229 1291 sufficientia
1245 1244 1300 1313 pa-

236 1338 314 1407 riter
328 1352 359 1407 et
374 1340 459 1423 allia,
474 1362 493 1407 a
513 1340 654 1429 quodam
668 1350 846 1408 mercatore
863 1339 903 1407 da
916 1340 1083 1429 llarqur'ae
1094 1350 1218 1430 empta,
1228 1338 1302 1407 huie

233 1456 327 1523 dictae
344 1456 487 1524 ecelesiae
504 1456 637 1545 prorisit
657 1467 689 1524 et
705 1456 768 1524 alia
786 1456 1044 1547 plurimadona,
1062 1478 1150 1547 quae,
1173 1466 1304 1546 propter

234 1572 390 1662 prolixam
406 1584 438 1640 et
460 1573 588 1661 longam
613 1572 836 1641 recitationem
861 1584 893 1643 et
916 1572 1152 1658 narrationem,
1174 1571 1303 1641 anobis

235 1688 539 1778 praetermittuntur.

753 1932 790 1986 Xl

238 2114 273 2167 le
289 2114 332 2167 roi
348 2112 445 2168 ‹liiuue
460 2112 503 2167 les
519 2112 605 2169 lruits
620 2119 647 2169 et
662 2112 706 2168 les
720 2128 845 2168 rereuus
859 2112 894 2167 de
905 2111 1035 2184 l'abbaye
1045 2111 1308 2185 deSniut-lliquier

271 2226 307 2263 uu
329 2209 458 2265 rurrliuul
472 2210 506 2263 cle
523 2211 643 2265 l'ienue.
658 2242 692 2250 -
706 2210 811 2266 Rotard
826 2212 914 2266 cause
927 2226 979 2281 par
994 2225 1029 2266 ce
1045 2209 1106 2265 don
1120 2226 1178 2265 aux
1192 2212 1307 2283 repara-

274 2308 352 2362 tiuus
366 2308 401 2363 cle
416 2306 552 2380 l'ubliure.
565 2310 648 2365 —Le
663 2309 793 2365 cardinal
808 2306 952 2381 depouille
966 2306 1088 2379 l'eglise.
1098 2338 1134 2347 —
1144 2309 1210 2363 litat
1222 2307 1308 2363 misd-

274 2408 352 2464 rulde
367 2409 402 2463 do
420 2408 511 2463 l'ubbe
532 2409 638 2464 llerre,
654 2441 688 2449 -
703 2411 754 2466 Ses
767 2408 955 2483 precautious
973 2423 1050 2480 pour
1062 2406 1137 2464 laice
1151 2412 1259 2465 mettre
1271 2424 1308 2463 en

272 2508 351 2563 ruitiu
367 2511 434 2563 sure
450 2514 479 2564 et
493 2527 565 2565 sorra
578 2508 604 2564 le
621 2514 769 2580 sequestre
782 2507 825 2564 les
840 2508 926 2564 biens
940 2502 1074 2564 meubles'
1087 2511 1118 2563 et
1131 2506 1309 2564 immeubles

274 2606 309 2662 de
326 2605 466 2679 lrrlrbuye,
483 2608 556 2663 deiris
571 2608 597 2663 le
609 2623 659 2664 eas
673 2607 708 2662 de
724 2624 756 2662 sa
769 2613 856 2663 mort.

285 2786 379 2854 llnno
407 2786 532 2854 llomiui
552 2786 652 2872 llll,
683 2788 748 2856 Rex
771 2786 916 2856 Francia
942 2786 1076 2857 domino
1097 2787 1257 2857 cardinali
1272 2789 1310 2857 da

249 2901 363 2967 lieuue
378 2902 502 2969 l'ructus
515 2911 546 2968 et
565 2900 663 2989 liujus
681 2901 775 2969 dietae
794 2900 938 2970 ecelesiae
955 2900 1103 2971 redditus
1120 2911 1153 2970 et
1172 2890 1308 2992 proven-

240 3015 342 3085 tioues
356 3016 484 3105 penitus
502 3017 643 3102 donavit,
659 3017 812 3108 quoniam
825 3018 1082 3108 praenominatus
1094 3018 1223 3105 Petrus,
1234 3029 1309 3088 tune

241 3132 458 3200 irrestiruabili
478 3134 627 3202 laborans
651 3134 856 3222 aegritudine,
872 3134 906 3203 in
925 3134 1043 3205 Sancto
1058 3112 1309 3205 Odomaromo-

242 3251 375 3318 robatur
383 3273 391 3334 ;
403 3260 445 3335 et,
458 3272 496 3319 ea
508 3262 654 3341 propter,
665 3251 821 3321 cardinali
834 3253 1040 3344 prmiatotale
1052 3253 1178 3323 donum
1191 3276 1311 3346 nequa-

242 3390 340 3459 quam
357 3381 525 3453 renuente,
546 3389 657 3438 omues
675 3371 896 3461 reparationes
915 3381 947 3442 et
962 3371 1033 3440 aliae
1051 3364 1310 3469 operationesin

270 3565 305 3626 (ll
325 3564 462 3619 labellulo
477 3567 545 3618 daus
559 3566 627 3619 Dom
642 3567 765 3620 Grenier.

271 3656 305 3719 (t)
324 3654 449 3719 Yrtoiute
463 3656 555 3711 libros.
573 3686 601 3696 -
617 3656 684 3711 loiri.

270 3746 305 3808 (3)
319 3744 461 3797 Seecteetm
475 3747 543 3800 dans
558 3747 674 3800 l'ortruit
688 3748 721 3800 de
736 3746 850 3814 Bommy
865 3751 892 3800 et
906 3747 975 3801 dans
989 3747 1060 3800 Dom
1075 3747 1187 3801 cetron.

271 3835 306 3897 (l)
319 3837 524 3890 Seius-ontendu
543 3840 696 3905 terruerim
720 3839 921 3894 Thornacaerie
941 3839 1009 3893 dans
1031 3839 1059 3893 la
1081 3840 1162 3907 cepio
1183 3840 1219 3895 do
1240 3840 1311 3895 Dom

241 3922 363 3975 tlreuier.
1321 3922 1326 3933 “
