2708 4854
505 395 682 466 „80-

571 676 619 731 Vll

49 867 165 924 Gervin
186 866 241 922 tait
261 864 417 921 transle'rer
435 865 478 920 les
497 881 582 938 corps
601 863 636 919 de
655 864 803 937 plusieurs
818 863 919 919 saints.
935 895 969 902 -
982 862 1070 919 lltait
1084 879 1131 918 rc-

93 958 239 1023 cberchcr
251 964 278 1020 le
292 981 376 1036 corps
389 963 424 1019 de
440 963 518 1018 saint
534 961 686 1033 Angilbert
701 964 729 1017 et
744 966 847 1018 trouve
862 962 940 1017 celui
954 961 989 1017 de
999 961 1129 1031 Nithard‚

96 1070 144 1121 t2⁶
160 1065 243 1120 abbe.
260 1064 346 1118 -Le
363 1062 499 1117 tombeau
515 1061 550 1116 de
566 1061 643 1115 saint
662 1060 823 1131 Angilbert,
841 1059 1009 1130 egelement.
1018 1063 1129 1130 trouve,

96 1166 198 1221 exhalo
213 1179 271 1218 une
287 1166 345 1218 tres
360 1177 448 1217 suave
463 1160 564 1216 odeur.
582 1192 616 1199 -
630 1149 694 1216 Etat
709 1160 760 1214 des
775 1176 808 1215 os
823 1159 857 1215 dc
877 1160 955 1217 saint
968 1153 1132 1232 Angilbert.

94 1297 131 1305 -
144 1263 264 1320 blaladie
277 1263 312 1317 de
329 1260 443 1317 Gervin.
457 1292 491 1300 —
503 1262 544 1315 En
555 1259 703 1332 prevision
720 1260 755 1315 de
769 1275 801 1313 sa
815 1263 903 1328 mort,
919 1259 941 1314 il
955 1274 986 1314 se
1002 1257 1054 1313 tait
1067 1258 1132 1332 pio-

98 1371 203 1422 mettre
216 1380 268 1437 par
283 1362 423 1434 Philippo,
435 1361 478 1416 roi
492 1361 526 1415 dc
541 1363 660 1429 Franco,
676 1359 704 1414 la
720 1358 907 1414 nomination
919 1358 953 1414 de
969 1375 1022 1414 son
1037 1375 1130 1415 neveu

99 1464 204 1519 Gcrrin
221 1460 379 1532 al'abbayc
396 1459 430 1513 dc
447 1457 672 1530 saint-iliquier.
687 1489 722 1497 -
738 1459 774 1526 Sa
788 1457 920 1512 derniere
934 1473 1061 1513 messe.-

106 1652 169 1720 lste
199 1636 407 1718 translatavit
426 1670 562 1739 corpora
585 1660 695 1717 sancta
723 1658 909 1718 sanctornm
936 1647 1073 1739 Caydoci
1098 1657 1130 1716 et

63 1768 199 1838 l'ricorii
219 1789 275 1836 seu
292 1766 425 1836 ildriani
446 1749 666 1835 consessorum
682 1776 713 1835 et
727 1765 829 1834 sancti
843 1764 1033 1854 angilberti,
1052 1765 1130 1854 quia

61 1885 95 1952 iu
111 1883 252 1974 quadam
272 1883 406 1951 ecelesia
427 1882 592 1952 nominata
613 1883 710 1952 Gorze
730 1881 762 1949 in
781 1880 1005 1968 Lorintbingia
1023 1879 1129 1949 dictas

62 1999 220 2069 Geminus
242 1998 419 2088 reperierat
438 2008 527 2087 gesta
551 1998 653 2067 sancti
675 1997 867 2085 engilberti,
892 2008 924 2066 et
943 1997 975 2064 in
1000 1995 1129 2088 scriptis

63 2114 188 2182 viderat
200 2113 407 2203 qu0d‚causa
422 2118 547 2201 mag'nae
562 2112 765 2197 humilitatis,
776 2113 977 2202 sepulturam
989 2110 1130 2200 ele‘gerat

62 2230 94 2297 in
117 2240 209 2320 porta
227 2239 282 2296 aut
306 2228 438 2296 introitu
464 2229 619 2313 ecclesiae,
642 2239 674 2297 et
695 2228 815 2297 sciebat
840 2228 947 2319 ipsum
966 2239 1089 2297 motum
1110 2251 1129 2297 a

64 2346 169 2438 primo
183 2347 266 2429 loco,
284 2344 393 2413 fodere
409 2356 441 2413 et
454 2344 619 2435 inquirere
635 2345 711 2414 tecit
725 2344 758 2412 in
775 2344 907 2413 introitu
924 2344 1014 2413 ebori
1029 2343 1128 2436 hujus

63 2460 226 2543 coenobii;
249 2469 280 2527 et
300 2459 453 2528 fodiendo
475 2471 506 2527 et
525 2459 720 2549 inquirendo
743 2470 907 2550 repertum
934 2470 982 2529 est
1010 2482 1128 2552 corpus

64 2577 186 2647 domini
200 2576 361 2660 Nitbardi,
376 2576 561 2646 duodecimi
577 2577 702 2646 abbatis
719 2588 750 2645 et
764 2577 822 2645 tilii
838 2577 915 2646 dicti
935 2577 1125 2666 angilberti,
1233 2590 1237 2600 '

63 2694 179 2787 sepulti
196 2694 229 2761 in
244 2693 416 2784 sepulchro
429 2715 581 2762 nemoreo
596 2715 671 2763 cum
684 2695 749 2762 sale
765 2717 773 2778 ;
791 2705 822 2763 et
838 2694 934 2785 plane
952 2695 1129 2787 apparebat

64 2811 101 2879 de
114 2812 247 2879 vulnere
262 2822 293 2879 et
304 2811 398 2901 plaga
411 2812 443 2878 in
463 2811 566 2901 capite
581 2811 667 2900 quod
684 2822 847 2901 receperat
866 2812 899 2880 in
914 2811 999 2880 bello
1015 2822 1127 2882 contra

66 2928 193 2996 bannos
209 2949 275 3017 quo
293 2927 486 3015 migraverat
499 2926 520 2994 a
531 2928 662 2995 saeculo.
675 2927 723 3012 m,
738 2927 800 2996 hoc
815 2927 896 3013 viso,
912 2928 1022 3019 reponi
1037 2927 1125 3021 tecit,

65 3055 93 3111 et
114 3043 148 3110 in
172 3042 241 3111 loco
261 3042 425 3131 contiguo,
452 3064 563 3111 versus
592 3042 805 3127 occidentem,
827 3043 937 3112 tedere
953 3042 1050 3112 tecit¹
1069 3067 1077 3128 ;
1096 3054 1128 3113 et

67 3158 206 3228 ministri
231 3158 383 3227 todicndo
404 3159 552 3244 sarculis,
572 3159 776 3249 reperierunt
793 3182 892 3250 super
907 3160 1127 3252 pavimentum

65 3288 204 3365 quatuor
223 3275 355 3343 nomina
376 3276 612 3366 monosyllaba:
631 3276 711 3360 Rae,
728 3277 805 3360 Lea,
820 3277 905 3359 aare,
922 3278 1009 3360 Pac,
1029 3290 1061 3346 et
1073 3277 1136 3346 illa

64 3391 194 3459 nomina
213 3402 305 3459 erant
323 3389 428 3480 prima
444 3401 476 3459 ct
491 3392 604 3460 ultima
624 3391 675 3460 sui
692 3391 790 3482 primi
806 3392 975 3489 epitaphii.
994 3393 1033 3491 Et
1050 3394 1135 3479 hocs

63 3531 99 3577 cx
115 3508 252 3578 consilio
269 3531 306 3576 co
308 3507 438 3596 jusdam
457 3507 582 3600 antiqui
597 3509 737 3599 religiosi
754 3509 885 3580 no'mine
901 3509 1125 3596 'leudolnaldi

65 3633 256 3715 repererunt
277 3622 399 3714 absque
425 3643 516 3692 mora
540 3624 781 3694 sanctissimum
809 3645 947 3715 corpus;
970 3646 1008 3693 ex
1033 3623 1133 3715 cujus,

64 3739 227 3832 sepulchri
253 3739 432 3831 aperitione
457 3737 553 3810 crivit
576 3742 786 3813 suavissimus
810 3744 903 3829 odor,
929 3765 995 3814 non
1021 3743 1126 3812 solum

91 3965 126 4028 (Ι)
141 3963 222 4017 lussit
237 3964 306 4017 dans
321 3964 346 4016 la
361 3965 438 4031 copie
451 3965 485 4018 do
499 3964 567 4017 Dom
581 3965 704 4018 Grenier.
