2708 4854
515 405 689 478 ..81-

51 582 281 661 superaverat
301 571 474 660 quemdam
494 571 669 640 draconem
695 591 904 655 venenosum,
924 579 954 638 ot
978 569 1058 638 stola
1082 592 1136 638 ee-

55 688 252 758 clesiastico
267 688 421 776 ligaverat
441 699 472 756 et
492 690 717 778 superaverat,
735 688 818 756 sicut
838 687 935 756 iatius
954 687 1137 756 continetur

58 807 97 875 in
118 806 195 895 ejus
214 829 306 875 sacra
321 806 468 895 legenda,
491 807 596 874 dietus
613 829 668 875 rex
686 807 808 903 Angliae
825 816 856 874 et
872 807 936 873 dem
953 805 1136 875 Normaniae

61 923 168 1001 misit,
185 911 302 992 iterum
329 945 428 1014 penes
458 923 580 991 dietum
603 913 776 992 Geminum
799 913 946 991 abbatem
963 922 1137 1012 quemdam

63 1060 169 1107 sunm
198 1059 380 1128 praeconem
408 1039 539 1107 nomine
561 1039 718 1107 Garinum
740 1051 775 1108 ut
795 1061 814 1106 a
836 1039 931 1108 nobis
951 1039 1139 1129 impetraret

65 1177 105 1224 os
123 1155 305 1246 principale
325 1156 428 1224 dextri
447 1156 572 1224 brachii
588 1155 666 1223 dicti
681 1156 783 1227 sancti
799 1155 943 1243 Vigoris3
961 1156 1048 1244 quod
1068 1175 1136 1245 prae

66 1272 191 1343 timore
222 1293 411 1341 eoncessum
435 1285 493 1341 est.
526 1272 587 1340 Sed
615 1294 705 1340 ausu·
725 1272 896 1346 temerario
920 1273 1139 1361 probaverunt

68 1386 217 1474 religiosi
233 1386 311 1454 dieti
327 1386 401 1471 loei,
417 1385 618 1476 projiciendo
633 1386 756 1454 dietum
774 1407 809 1455 os
826 1385 865 1452 in
873 1386 1036 1454 fornacem
1054 1384 1138 1473 ignis

69 1501 230 1586 ardentis,
257 1503 344 1592 quod
367 1503 523 1585 inustum,
550 1524 616 1571 non
640 1502 850 1586 maculatum,
882 1501 1041 1570 iliaesum¹
1065 1501 1139 1589 igne

70 1617 242 1701 remansit,
260 1629 292 1686 et
310 1617 351 1685 de
366 1597 517 1707 praesenti
536 1617 771 1686 honorificatur
787 1617 989 1707 ineapsatum
1012 1638 1093 1686 auro
1108 1628 1140 1685 et

71 1734 214 1823 gemmis
233 1734 526 1803 circumamictum.
547 1735 586 1802 Et
604 1735 710 1803 exilia
728 1736 807 1804 hora
822 1734 954 1823 quidam
971 1743 1140 1825 possessus

72 1874 92 1920 a
114 1852 275 1921 Daemone
286 1850 319 1918 in
333 1850 419 1919 dieta
436 1851 571 1919 ecclesia
587 1851 690 1919 iaetus
707 1838 756 1920 est
770 1852 862 1919 liber.
886 1851 925 1918 Et
942 1850 1016 1919 inde
1037 1852 1139 1919 recla-

73 1977 187 2035 matur
208 1966 315 2034 dietus
339 1977 469 2034 sanetus
489 1988 548 2055 pro
568 1966 642 2055 igne
658 1966 802 2051 fortuito,
824 1967 911 2056 quod
926 1967 1009 2035 bene
1030 1988 1139 2035 mons-

73 2084 173 2154 travit
192 2105 278 2152 anno
299 2083 426 2152 Domini
447 2082 561 2168 14750,
583 2083 636 2152 dio
653 2094 838 2152 sanctorum
854 2083 995 2152 Gervasii
1010 2094 1042 2152 et
1062 2085 1139 2153 Pro·

72 2202 168 2288 tasii‚
202 2202 286 2270 sieut
315 2201 437 2292 patebit
462 2189 616 2286 inferius,
650 2202 791 2291 capituto
823 2201 946 2271 domini
977 2202 1062 2271 Petri
1095 2204 1139 2271 Le

72 2321 206 2389 Prostre
220 2318 345 2387 abbatis
359 2316 413 2387 451
427 2319 469 2386 hu
471 2317 525 2407 jus
546 2319 697 2387 emnehii.

120 2445 165 2513 De
175 2443 383 2512 translatione
393 2443 540 2532 corporis
552 2443 638 2533 beati
649 2442 1134 2534 Vigorisestdicendum,quod,

73 2561 265 2631 immediate
289 2570 361 2650 post
378 2559 545 2650 praedicta,
567 2560 672 2628 dictus
691 2559 847 2628 Gervinus
871 2560 984 2628 devoto
1005 2581 1140 2648 congre·

73 2676 163 2765 gavit
185 2675 444 2766 quamplurimos
465 2675 645 2764 episcopm,
660 2674 800 2742 ¹abbates
820 2684 851 2741 et
866 2674 1035 2764 'prelatos
1055 2674 1141 2744 viros

73 2791 257 2880 religiosos,
287 2791 417 2860 devotos
435 2798 466 2859 et
482 2794 632 2875 tornatos,
662 2790 758 2858 totins
774 2790 900 2880 patriae,
920 2788 1141 2860 tradendas
1206 2855 1209 2858 .
1307 2807 1312 2815 ’

72 2908 202 3001 aprilis,
224 2918 256 2976 et
275 2927 393 2998 eorpus
417 2906 610 2975 sanctissimi
637 2905 830 2975 confessoris
850 2905 977 2993 Vigoris
1005 2909 1141 2981 transla-

73 3024 154 3094 tavit
172 3023 281 3114 pniam
305 3032 336 3091 et
356 3021 497 3112 publice,
521 3031 552 3090 et
574 3021 731 3110 paulatim
747 3021 999 3090 demonstrando
1020 3024 1141 3113 populo

14 3222 26 3241 ο
71 3162 148 3211 ossa
175 3138 328 3209 distincta
351 3149 383 3206 et
403 3137 607 3223 nominatim,
630 3137 671 3206 de
695 3137 837 3228 quadam
861 3159 958 3228 capsa
982 3138 1022 3206 ad
1045 3138 1142 3207 aliam

73 3277 208 3347 capsam
221 3264 408 3343 argenteam
421 3264 454 3322 et
466 3275 611 3339 auream,
623 3253 760 3342 gemmis
774 3264 806 3322 et
817 3254 979 3344 lapidibus
992 3255 1144 3346 pretiosis

74 3371 292 3452 adornatam3
324 3380 356 3438 et
378 3369 447 3460 ipse
474 3369 644 3460 descripsit
668 3370 754 3438 eirca
787 3391 917 3462 capsam
946 3391 1058 3440 versus
1093 3392 1144 3440 se-

74 3498 215 3579 quentes
231 3511 237 3555 :

107 3700 144 3761 (Ι)
160 3699 198 3752 Lu
213 3698 290 3764 copie
304 3698 337 3750 de
354 3698 419 3750 Dom
435 3698 549 3750 Grenier
562 3698 652 3751 donne
667 3699 840 3766 simplement
853 3703 955 3757 lasura.
967 3704 1006 3755 Lu
1020 3705 1097 3772 copie
1113 3704 1147 3758 de

75 3789 177 3842 Batuze
189 3804 208 3841 a
220 3789 285 3840 bien
300 3789 375 3855 porte
390 3789 561 3856 simploment
579 3789 690 3841 d'abord
710 3790 812 3851 lasura,
828 3794 898 3845 mnis
913 3795 1147 3847 immediutement

76 3892 133 3932 nne
147 3869 300 3946 enrohnrpe
318 3893 334 3931 a
350 3878 454 3945 etrangd
472 3879 497 3930 le
517 3883 573 3930 mot
592 3893 626 3931 en
641 3880 670 3932 in
686 3879 795 3947 tuscum
805 3883 853 3948 j'ai
869 3898 917 3936 eru
933 3886 1047 3951 pouvoir
1061 3885 1146 3938 desire

75 3968 200 4022 ittaesum.

1025 4074 1041 4130 d
