2708 4854
640 369 842 439 -tttt-

211 557 307 625 quem
324 535 485 625 captiuum
504 535 631 617 tenebat
644 512 812 625 Philippus
822 534 987 622 Augustus
1000 532 1069 618 rex,
1082 531 1283 622 conspiravit

209 652 332 721 betium
360 672 434 719 rum
464 673 538 739 rege
566 652 687 740 bngtiae
716 661 828 720 eontra
854 671 991 739 regnum
1017 649 1119 734 istud,
1146 660 1179 719 et
1206 648 1283 718 inde

210 768 358 837 euitatus
387 778 435 835 est
461 779 493 834 et
520 766 677 856 abjectae,
705 767 749 836 ita
776 768 862 858 quod
891 789 956 836 non
987 767 1130 836 audebat
1158 766 1283 835 intrare

211 906 346 972 regnum
363 883 520 966 Franrim,
538 883 594 951 sed
615 884 777 971 retugium
794 884 908 952 habuit
921 905 996 964 eum
1015 904 1091 971 rege
1107 882 1235 971 Angliae
1252 893 1284 950 et

212 1000 286 1068 inde
300 997 440 1089 perdidit
456 998 644 1066 comitatum
659 999 806 1084 Pontiri;
823 999 867 1068 ita
884 998 972 1090 quod
986 998 1087 1068 diaria
1101 997 1281 1082 eomitissa,

213 1137 335 1183 moram
355 1116 484 1183 trabens
505 1115 536 1183 in
554 1115 763 1184 Abbatisvitla
780 1138 855 1184 oum
872 1116 1000 1185 duobus
1014 1115 1083 1184 suis
1098 1114 1188 1199 filiis,
1202 1113 1285 1182 nihii

213 1231 389 1322 recipiebat
402 1253 461 1299 nee
477 1231 677 1322 percipiebat
692 1232 732 1300 de
750 1232 930 1300 redditibus
948 1231 998 1300 sui
1013 1231 1187 1300 comitatus
1202 1232 1285 1300 Pon-

213 1348 267 1416 tiri
288 1348 410 1416 tamdiu
435 1349 592 1438 quamdiu
615 1349 722 1418 dietus
746 1349 856 1419 Simon
878 1348 954 1417 vixit
975 1348 1010 1418 iu
1034 1348 1203 1417 humanis.
1232 1347 1283 1432 Et,

213 1465 282 1554 ipso
295 1465 459 1549 defuneto,
476 1465 659 1555 impetrarit
676 1465 933 1534 misericordiam
950 1486 1026 1534 eum
1042 1464 1201 1554 rege,tali
1212 1485 1287 1533 oon·

212 1581 334 1649 ditione
355 1582 440 1671 quod
459 1583 610 1672 perderet
627 1581 878 1673 praeposituram
896 1581 1004 1651 Sancti
1023 1580 1181 1666 Richarii,
1202 1603 1287 1671 pue-

212 1698 392 1788 positnram
410 1698 584 1782 Dutlendii,
603 1710 635 1766 et
654 1698 843 1767 comitatum
862 1696 1069 1797 Monsteroitii
1085 1696 1289 1789 pertinentes

213 1814 300 1882 dieto
324 1814 447 1883 Simoni
466 1815 619 1883 defuneto
645 1815 678 1882 in
701 1816 840 1903 Anglia3
862 1825 894 1884 et
909 1837 990 1905 quas
1010 1814 1239 1906 preposituras
1258 1824 1290 1882 et

214 1953 311 2020 quem
329 1931 516 2000 comitatum
535 1933 743 2000 bionsteroli¹
768 1954 824 2001 rex
846 1930 995 2021 adjunxit
1013 1930 1196 2000 balliuiatui
1216 1932 1290 1999 Am-

214 2047 375 2115 bianensi.
387 2047 488 2115 Eteui
500 2047 671 2116 adnexioni
684 2049 999 2140 opposuerunttillae
1009 2047 1118 2117 Sancti
1128 2047 1289 2132 Richarii,

215 2165 375 2232 buttendii
389 2176 417 2233 et
428 2164 625 2249 blonsteroli,
637 2166 805 2255 allegando
817 2164 1021 2256 privilegium
1034 2164 1124 2234 satis.
1135 2165 1189 2249 Et,
1200 2165 1290 2255 quod

216 2280 325 2347 riltani
342 2293 371 2349 et
392 2281 573 2350 habitantes
593 2281 627 2349 in
644 2282 716 2350 aliis
735 2282 864 2372 oppidis
879 2303 945 2362 non
962 2280 1194 2350 sustinuerunt
1209 2293 1291 2351 etse

217 2395 396 2464 diviserunt
425 2397 465 2463 ab
494 2397 544 2464 his
572 2397 676 2464 tribus
704 2397 798 2482 vibis,
835 2396 1049 2488 perdiderunt
1080 2395 1290 2486 privilegium

217 2510 311 2594 satis;
330 2522 361 2579 et
377 2532 434 2579 nos
451 2511 644 2580 sustinentes
657 2511 772 2580 ultimo
785 2512 839 2580 itto
850 2510 1045 2602 priuilegio·2
1061 2532 1167 2601 usque
1184 2511 1219 2581 in
1232 2511 1291 2581 ho·

218 2627 367 2694 diernum
387 2626 486 2706 diem,
504 2629 590 2718 quod
614 2640 661 2697 est
683 2629 776 2698 nobis
793 2629 884 2698 utile.
907 2629 947 2696 Et
961 2649 1050 2696 nunc
1064 2627 1097 2695 in
1111 2627 1212 2697 cartis
1224 2629 1291 2699 Du·

218 2752 287 2810 tntu
307 2745 394 2832 upttd
414 2745 571 2813 Senatum
593 2747 790 2814 Rieborium
807 2747 907 2837 jtmte
929 2745 1110 2814 Potitum
1125 2756 1158 2814 et
1170 2766 1241 2814 non
1255 2745 1292 2813 io

219 2860 369 2928 Pontiae.
1050 2874 1053 2879 “

237 3068 242 3076 ·
264 2977 325 3044 iste
340 2976 534 3046 Laurentius
553 2979 685 3066 regebat
702 2989 845 3070 tempore
863 2976 1017 3048 Ludouioi
1033 2976 1168 3073 dietide
1186 2976 1293 3045 Mont-

218 3092 356 3180 penet'er,
378 3093 454 3183 quia
473 3094 554 3162 obiit
574 3095 608 3162 in
628 3095 770 3184 quodam
788 3094 918 3163 castello
932 3099 945 3138 ³
962 3092 1010 3162 sie
1024 3090 1205 3162 nominato.
1230 3092 1294 3162 Iste

221 3230 275 3276 rex
303 3208 364 3276 suit
389 3221 481 3299 pater
508 3211 614 3280 Sancti
641 3211 795 3281 Ludoviei
824 3224 856 3280 et
878 3211 1035 3300 regnabat
1058 3230 1146 3278 anno
1173 3208 1292 3289 ibide.

222 3324 295 3392 Fuit
313 3325 360 3392 vir
375 3326 523 3412 bellicus,
541 3327 725 3417 subjugavit
739 3330 895 3397 ioannem
917 3348 1025 3415 regem
1046 3325 1183 3414 Angliae.
1207 3324 1296 3395 Uxor

222 3441 291 3531 ejus
310 3442 543 3511 nominabatur
560 3445 712 3513 Btanebia
730 3445 795 3513 filia
813 3445 898 3533 regis
918 3442 1074 3512 Castellae.
1090 3442 1131 3511 Et
1147 3452 1296 3534 tempore

223 3556 315 3625 istius
342 3559 467 3626 abbatis
487 3559 637 3630 videlieet
657 3582 741 3629 anno
763 3560 892 3631 Domini
915 3558 1030 3640 tadeo,
1054 3558 1184 3629 deeimo
1206 3570 1297 3629 sexto

255 3762 289 3824 (t)
304 3762 482 3815 dtonsterotlii
495 3763 645 3829 pluebant,
663 3765 698 3817 iet
712 3764 874 3818 ittousterob'.

170 3853 177 3866 ’
255 3853 289 3915 (2)
307 3853 349 3903 Un
364 3857 421 3903 mot
435 3853 514 3919 pesse
529 3868 592 3906 sans
606 3855 705 3918 doute;
721 3855 849 3920 [recitetur
863 3856 906 3920 [tt.

258 3941 292 4004 (3)
307 3942 344 3992 ta
358 3941 434 4008 copie
449 3943 482 3994 de
496 3943 565 3994 Dom
581 3944 697 3996 Grenier
711 3946 802 4009 ajonte
817 3945 848 3996 io
862 3943 994 4007 duerm'o,
1009 3942 1102 4012 coqui
1116 3943 1241 3997 esteroi.
