2708 4854
492 420 667 490 „37-

529 697 595 758 'Vl

170 913 298 969 Miraclcs
313 913 472 986 accomplis
483 929 535 988 par
550 914 655 970 Gervin
670 919 698 969 et
712 931 764 986 par
778 930 823 969 ses
839 914 985 988 disciplcs.
1004 991 1006 996 Ι
1068 968 1071 973 ,
1107 989 1113 999 Α

92 1120 161 1189 tiu
185 1120 255 1212 ejus
275 1120 392 1189 comite
416 1120 595 1189 coruscavit
621 1106 799 1190 miraculis.
821 1122 937 1190 Mulier
960 1121 1117 1211 quaedam

54 1237 213 1324 paralitica
229 1237 400 1327 postulavit
416 1247 448 1306 et
460 1237 619 1343 instanter
635 1237 835 1328 requisivita
852 1225 1023 1329 Radulplro
1038 1229 1113 1336 ejus

35 1350 205 1443 discipulo
231 1364 268 1422 ut
291 1353 321 1422 ei
339 1354 431 1422 daret
450 1375 568 1443 aquam
591 1354 733 1422 bibere
725 1376 759 1421 ιιι
780 1376 844 1442 qua
862 1355 987 1422 lautum
1004 1356 1110 1423 luerat

60 1466 121 1555 ejus
142 1470 260 1560 pedum
282 1471 454 1560 pastorale,
482 1481 513 1539 ct
533 1471 607 1538 inde
624 1453 746 1560 recepit
762 1470 943 1539 sanitatem.
972 1461 1110 1550 Quidam

63 1580 153 1653 infans
176 1570 316 1653 devilln
343 1586 438 1673 nugi,
469 1586 582 1674 gallice
605 1589 671 1670 Eo,
702 1587 736 1654 in
762 1587 950 1672 Normania,
978 1586 1109 1657 nomine
1149 1631 1151 1635 ι

64 1697 169 1788 Oderis,
191 1703 401 1793 frequentans
420 1704 535 1788 scolas,
559 1704 684 1792 magnis
710 1704 880 1772 tenebatur
897 1702 1056 1788 febribus,
1080 1688 1111 1773 et

65 1813 127 1887 dnm
142 1820 200 1888 iret
219 1821 325 1889 dictus
341 1820 498 1889 Gervinus
515 1821 555 1888 ad
573 1820 751 1889 oratorium
765 1819 853 1888 beati
875 1818 1002 1888 llartini
1020 1807 1109 1910 quod

64 1947 267 2005 construxerat
288 1936 322 2004 in
348 1936 426 2004 silva
452 1936 598 2026 ejusdem
623 1936 697 2021 loci,
726 1935 841 2004 bibit
832 1957 951 2025 aquam
979 1935 1012 2013 in
1039 1958 1108 2026 qua

60 2053 379 2122 mundaveratmanus
389 2073 464 2120 suas
477 2052 582 2151 dictus
595 2051 686 2120 Ger
660 2073 763 2136 vinus,
773 2063 804 2119 et
816 2051 919 2120 sactus
933 2063 981 2119 est
994 2072 1104 2131 sanus

55 2157 154 2237 Dictus
166 2169 320 2239 Geminus
337 2168 575 2260 cumpluribus
592 2168 659 2236 suis
680 2168 838 2256 religiosis
850 2168 929 2236 vidit
941 2177 973 2236 et
984 2162 1110 2236 audivit

50 2286 173 2370 angelos
203 2287 258 2355 Dei
290 2286 520 2355 descendentes
547 2285 587 2353 de
618 2286 711 2369 coelo,
737 2294 902 2352 cantantes
930 2283 1107 2352 cantilenas

45 2389 166 2484 dulces,
182 2403 375 2472 melodiosas
390 2424 489 2492 snper
508 2413 670 2485 naturam,
692 2400 859 2469 sentiendo
878 2398 1010 2468 odorem
1032 2420 1108 2467 sua·

42 2525 117 2585 tem
138 2530 289 2610 tanquam
311 2541 348 2587 ex
368 2518 526 2602 balsamo,
548 2529 578 2586 et
599 2517 702 2585 oculis
726 2516 794 2586 suis
810 2514 936 2584 carneis
952 2512 1105 2601 viderunt

38 2642 193 2708 Personas
209 2635 337 2705 coelicas
358 2635 431 2722 igne
453 2656 624 2703 succensas
643 2655 742 2724 super
759 2634 858 2701 altare
875 2631 977 2700 sancti
995 2626 1108 2700 Salva'

38 2746 133 2834 turis,
153 2752 253 2820 sancti
273 2751 429 2838 Richarii,
452 2751 553 2820 sancti
574 2751 752 2841 Stephani,
776 2749 857 2818 etin
880 2742 1028 2837 regressu
1043 2747 1106 2846 (13-Σ

37 2850 122 2935 bant
136 2868 261 2938 laudem
274 2868 340 2937 Deo
352 2878 382 2936 et
396 2869 578 2936 salutabant
592 2889 710 2958 corpus
727 2867 828 2936 sancti
843 2865 986 2935 Richarii
1002 2866 1104 2935 deno-

37 2977 139 3051 tando
156 2984 185 3052 ei
205 2985 416 3074 imposterum
432 2986 438 3029 ¹
465 2984 595 3072 signum
620 2983 883 3053 immortalitatis.
902 2983 942 3051 Et
958 2977 1104 3074 tempore

38 3080 120 3164 dien
145 3098 283 3182 Gerrini,
316 3120 392 3166 casu
421 3098 566 3183 fortuito,
598 3097 732 3166 ecclesia
761 3118 917 3166 succensa
949 3109 998 3167 est
1017 3093 1104 3186 'igne

41 3208 238 3297 accidentali,
259 3212 302 3282 ita
323 3213 410 3303 quod
429 3224 548 3282 tectum
564 3213 750 3302 plumbeum
768 3213 975 3282 combustum
994 3224 1055 3298 est,
1074 3219 1107 3281 et'

43 3331 79 3383 0¹
108 3329 250 3397 omnibns
275 3328 420 3419 reliquiis
446 3350 511 3396 nou
537 3328 692 3397 remansit
714 3329 896 3419 quidquam
921 3329 1009 3419 quod
1035 3350 1102 3398 non

46 3428 152 3512 luisset
179 3446 397 3537 deportatum,
428 3447 586 3514 saluatum
615 3456 647 3514 et
673 3456 852 3515 extractum
882 3467 901 3514 a
930 3440 1108 3535 religiosis,

48 3564 168 3648 excepto
189 3582 324 3652 corpore
342 3562 429 3631 beati
453 3560 592 3649 ligaris,
614 3562 702 3651 quod
724 3562 879 3631 remansit
897 3560 931 3629 in
950 3562 1022 3631 loco
1043 3554 1109 3631 suo‘

52 3657 181 3745 inustum
201 3687 233 3746 et
257 3678 392 3748 illaesum
412 3701 472 3749 noc
493 3688 615 3746 tactum
638 3676 678 3746 ab
704 3677 791 3767 igne.
816 3679 856 3747 Et
880 3700 966 3747 unus
990 3698 1102 3747 servus

81 3894 111 3955 (ll
123 3900 177 3962 Quo
199 3903 303 3968 signll'ro
322 3918 353 3955 ce
372 3908 429 3956 mot
446 3918 501 3971 quo
516 3905 565 3970 j'ni
585 3904 648 3956 bien
667 3904 696 3956 ln
715 3901 886 3971 cependantt
907 3900 1008 3952 naut-il
1031 3913 1104 3951 com·

60 3990 155 4044 nenne
170 3993 384 4060 impositionem?
