2708 4854
598 402 753 470 ,6-

145 567 257 634 siccin.
282 566 344 633 lste
365 565 445 632 rexit
467 564 583 652 rigenti
602 587 655 632 sex
676 563 783 648 annis,
802 574 833 631 et
851 584 888 630 cx
908 584 946 631 ea
965 561 1080 650 genuit
1097 560 1206 630 Clcdo·

147 706 237 753 reum
254 684 396 773 primum
416 703 524 769 regem
543 681 768 764 christianum,
785 681 869 748 sicut
882 679 1004 770 patebit
1017 678 1166 748 inferius.
1226 720 1229 726 -

192 799 282 867 Sicut
306 797 401 864 latius
423 796 566 865 continet
584 796 734 879 Cronica,
761 806 906 884 tempore
932 794 986 862 illo
1014 773 1208 882 regnabant¹
1244 788 1258 862 ,“

118 972 125 978 .
148 914 365 983 Diocletianus
380 923 409 981 ct
428 912 661 994 Maximianus,
682 923 713 979 et
728 911 921 979 lliuionarus
935 910 1130 1001 praepositus
1147 918 1211 977 erat

148 1029 352 1098 Semcncbrii
365 1028 459 1096 castri
471 1028 557 1116 <pared
572 1049 658 1096 nunc
668 1027 1064 1118 dieiturAmhianisquasi
1074 1027 1211 1094 ambitus
1232 1032 1246 1055 '

150 1165 322 1232 aquenum.
348 1143 385 1209 Et
414 1142 534 1228 egressi
558 1152 633 1209 sunt
658 1164 756 1230 quam
782 1142 874 1209 multi
896 1154 1052 1233 martyres
1071 1141 1212 1209 faturia

150 1259 276 1327 ciuitate
297 1280 429 1327 romana
448 1279 584 1345 regnum
604 1258 712 1325 Galliae
734 1258 961 1342 convertendo,
983 1258 1068 1326 sicut
1088 1268 1213 1326 sanctus

151 1376 314 1460 Quintius,
343 1376 517 1459 lucianus,
545 1375 724 1464 Crispinus,
758 1373 994 1465 Crispinianus‚
1024 1374 1212 1458 Victoricm,

156 1493 343 1576 Fussianus,
359 1492 507 1574 Rufinus,
518 1492 720 1576 Valerianus,
737 1492 857 1576 piatus,
870 1492 1047 1580 Eugenius‚
1063 1493 1212 1580 Regulus,

72 1640 75 1644 “
152 1608 360 1692 Silviatensis,
371 1619 481 1676 sancta
494 1607 678 1694 Benedicta,
690 1620 820 1676 sanctus
832 1609 944 1676 lustus
957 1607 1169 1677 Belraeensis.
1181 1608 1217 1674 Et

154 1746 191 1792 ce
210 1735 355 1814 tempore
368 1735 498 1792 sanctus
515 1723 679 1791 Firminus
697 1735 818 1814 martyr
837 1746 855 1792 a
871 1724 997 1793 civitate
1012 1723 1216 1815 Pampeliana

154 1841 193 1908 de
213 1861 312 1926 regno
331 1839 506 1929 llispauiae.
530 1839 664 1908 Sanctus
689 1840 850 1908 llonestus
869 1841 1047 1932 praesbyter
1068 1840 1218 1931 ejuscrat

155 1955 309 2043 magister
326 1966 357 2022 et
374 1965 504 2022 sanctus
519 1954 683 2022 Firminus
704 1956 868 2023 confessor
885 1955 954 2045 ejus
973 1955 1093 2024 filiolus
1112 1955 1218 2022 imme·

121 2050 136 2081 ²
154 2072 241 2139 diate
257 2083 341 2161 post.
357 2071 434 2150 Quae
452 2071 560 2138 omnia
579 2092 728 2160 expressa
748 2092 813 2140 nen
834 2072 955 2141 lrustra
974 2072 1114 2141 autsine
1126 2091 1219 2140 causa

157 2188 400 2270 describuntur,
426 2187 481 2254 scd
509 2187 616 2276 potius
642 2200 676 2255 ut
704 2187 830 2255 facilius
853 2188 1088 2256 descendamus
1113 2199 1145 2256 ct
1170 2207 1219 2254 ve-

158 2304 287 2371 niamus
304 2314 443 2370 tractare
463 2315 619 2387 sanctam,
642 2304 799 2391 insignem
817 2316 847 2372 ct
867 2305 1008 2374 nobilem
1026 2304 1218 2373 nativitatem

160 2421 261 2510 patris
281 2420 489 2488 sacratissimi
510 2420 612 2488 nostri
630 2421 731 2488 sancti
749 2421 902 2489 Richarii.

673 2667 715 2732 lll

162 2842 315 2899 Childeric.
329 2876 363 2883 —
379 2846 514 2916 Bapteme
530 2844 565 2899 de
585 2843 689 2899 Clnvis.
709 2876 743 2883 -
766 2843 848 2899 Saint
868 2841 956 2896 Denis
977 2841 1021 2896 lui
1039 2844 1173 2913 presente
1185 2855 1223 2894 -en

197 2961 288 3015 sange
309 2961 349 2999 un
369 2944 500 3000 bouclier
520 2943 617 2999 d'azur
639 2946 710 2998 orne
732 2944 766 2998 de
790 2944 862 2997 trois
886 2940 1090 3014 {leurs-de-lys
1108 2940 1177 2997 d'or.
1194 2922 1224 2979 -’

197 3044 255 3098 Son
272 3059 361 3098 sacre.
375 3075 409 3082 -
428 3042 632 3115 Conspicaticn
651 3041 685 3096 dc
703 3057 748 3095 ses
762 3040 861 3096 freres.
876 3072 910 3080 -
930 3039 967 3093 lls
982 3042 1050 3093 sont
1066 3040 1188 3095 vaincus
1200 3040 1225 3092 ct

196 3141 252 3195 mis
266 3143 283 3194 11
296 3145 382 3195 morl.
400 3172 435 3180 —
454 3141 600 3212 Alquaire.
620 3172 654 3178 -
671 3121 708 3194 Le
724 3139 818 3194 duche
838 3138 872 3194 dc
890 3138 1044 3193 Ponthieu.
1060 3169 1095 3177 —
1110 3134 1224 3192 Centule

198 3241 298 3295 edifiee
313 3257 366 3312 par
379 3241 565 3311 Ragavarius
583 3272 616 3278 —
631 3242 684 3294 Les
697 3239 741 3293 fils
755 3239 790 3293 de
805 3239 909 3294 Clovis¹

208 3421 298 3509 (lleir
315 3422 474 3506 llariullc,
494 3422 571 3490 liure
590 3421 744 3511 premier,
764 3420 924 3510 clrapitres
941 3421 953 3487 l
973 3429 1004 3487 et
1023 3419 1078 3504 ll.)

210 3565 424 3649 childericus,
441 3577 577 3654 quartus
591 3586 646 3633 rex
660 3565 768 3634 Gallim
782 3577 812 3632 et
823 3585 982 3654 paganus,
996 3573 1027 3630 et
1041 3561 1157 3630 Basina
1170 3561 1228 3628 Ln-

165 3681 330 3769 rinthigiae
353 3682 476 3769 regina,
492 3680 562 3770 ejus
578 3703 672 3765 uxor,
688 3691 870 3767 genuerunt
891 3681 954 3748 tres
972 3679 1067 3762 silim,
1085 3676 1230 3746 videlicet

194 3881 229 3943 (l)
246 3882 285 3932 La
304 3881 380 3946 copie
400 3881 432 3932 de
452 3881 549 3931 Baluze
569 3884 643 3945 porte
663 3879 836 3943 simplement
856 3877 962 3939 repleat,
984 3888 1019 3926 au
1041 3871 1231 3939 singultante

162 3968 258 4034 plurlel
275 3969 308 4020 de
323 3969 350 4020 la
365 3970 439 4034 copie
455 3969 522 4020 Dom
538 3969 651 4020 Grenier
665 3983 708 4019 me
723 3968 824 4019 setnhte
840 3964 1001 4031 preferable.
