2708 4854
691 366 891 435 -idd-

302 528 447 598 diurnus
465 550 507 598 na
524 511 742 613 discursuum,
758 528 843 598 ΜΗ
859 528 958 597 abbas
973 526 1074 619 hujus
1090 526 1233 597 coeuobii
1247 528 1315 598 Geu-

259 645 405 729 tulensis,
428 645 589 714 oriundus
606 645 646 714 dc
666 645 890 729 Cbcrinrourt,
916 645 979 715 suit
995 646 1186 736 capellanus
1205 645 1316 717 domiui

258 760 361 829 nostri
378 782 470 851 popae
491 771 523 829 et
542 761 664 829 eiectus
687 760 787 829 abbas
809 780 898 829 anno
917 759 1047 830 Domini
1068 759 1172 845 tear,
1193 771 1224 831 et
1247 759 1317 831 rexit

259 875 404 945 ditandis
416 874 633 944 laudabiliter.
644 874 895 944 Fecitdedioare
908 875 1064 965 capeliam
1076 874 1183 945 sancti
1193 875 1316 945 nunna

259 1015 319 1084 per
343 992 532 1084 episcopum
560 993 807 1062 atrebatensem
835 1013 921 1061 anuo
949 991 1080 1062 Domini
1114 991 1228 1077 127&
1253 991 1318 1069 fecit

259 1110 421 1179 aditioare
449 1111 551 1178 multa
582 1131 699 1198 magna
727 1120 756 1178 et
785 1120 976 1199 sumptuosa
1001 1108 1156 1195 aedificia,
1183 1107 1318 1179 videlicet

260 1227 425 1295 castollum
444 1226 484 1295 dc
502 1226 663 1315 brugiam
688 1225 720 1293 in
745 1247 810 1315 quo
836 1224 1018 1316 composuit
1037 1236 1183 1315 quatuor
1197 1243 1318 1312 magnas

260 1353 366 1410 turres
385 1352 417 1409 et
431 1352 503 1409 octo
520 1362 646 1430 parvas.
666 1342 737 1431 lpse
759 1340 837 1410 tecit
856 1361 1052 1431 componere
1072 1340 1194 1410 ibidem
1216 1350 1317 1427 stagna

259 1457 300 1524 ad
314 1455 503 1524 nutriendos
519 1456 623 1546 pisces
636 1457 759 1526 dulces.
775 1458 847 1547 lpse
862 1455 1048 1546 composuit
1062 1455 1271 1545 magnagiunr
1285 1455 1318 1523 dc

262 1572 457 1655 iiolnodio'2;
473 1572 642 1640 aedificarit
656 1572 778 1641 ibidem
794 1573 885 1641 aulas
902 1584 934 1641 ot
947 1593 1047 1641 unam
1062 1573 1181 1642 fortem
1200 1570 1316 1655 turrim,

260 1700 291 1757 ct
312 1710 443 1757 murare
466 1689 578 1757 decem
598 1689 740 1779 jornalia
760 1689 903 1759 nemoris
928 1688 1073 1778 contigui
1093 1690 1135 1758 ad
1157 1688 1319 1773 nutrienda

260 1804 413 1872 animatia
429 1804 593 1894 sylvestria
608 1828 616 1888 ;
635 1805 772 1873 redemit
791 1817 821 1873 et
839 1804 1048 1897 reacquisivit
1063 1806 1176 1896 plures
1196 1816 1318 1874 terrosa

260 1921 482 1990 vavassoribus
499 1922 632 2007 nostris,
649 1923 733 1991 sicut
744 1933 831 2012 patet
844 1922 878 1990 in
894 1922 1086 2013 repertorio.
1102 1922 1179 1992 Fuit
1193 1942 1318 2011 magnus

259 2037 523 2128 paterfamilias.
552 2039 623 2128 lpse
648 2039 834 2130 subjugavit
861 2038 1033 2123 maiorem,
1062 2037 1227 2123 scabinos,
1252 2038 1319 2106 bur·

260 2158 397 2242 genscs³
423 2167 454 2223 ct
472 2155 737 2224 communitatem
758 2154 856 2244 hujus
880 2155 960 2224 villae
980 2155 1128 2225 dicentes
1149 2177 1184 2224 se
1209 2155 1324 2223 babere

260 2271 451 2339 banleucam
468 2271 598 2339 invidis
614 2283 646 2339 ct
659 2271 829 2340 territoriis
843 2271 962 2341 nostris
975 2292 1082 2361 usque
1100 2271 1142 2340 ad
1156 2270 1316 2340 terminum

260 2386 358 2453 unius
370 2387 483 2470 lencm,
500 2387 587 2476 quod
602 2408 667 2455 non
686 2398 755 2456 erat
771 2408 905 2471 verum;
924 2398 956 2457 ct
975 2386 1118 2456 infinitas
1136 2386 1316 2478 quaestiones

261 2512 291 2570 et
311 2524 480 2592 processus
498 2514 610 2571 contra
626 2502 712 2594 ipsos
734 2503 894 2594 promovit
915 2502 948 2570 in
963 2501 1104 2592 judicio,
1127 2524 1184 2572 eos
1202 2520 1317 2591 semper

262 2618 418 2687 vincendo
431 2630 462 2687 et
474 2620 670 2709 superando,
686 2619 985 2709 mediantejustitia
1000 2630 1033 2688 et
1043 2618 1185 2709 judicio.
1197 2620 1237 2689 Et
1247 2628 1315 2687 tarn

261 2757 339 2824 pore
355 2735 414 2803 isto
436 2735 593 2823 regnabat
613 2757 667 2804 rex
683 2746 813 2804 sanctus
830 2734 1013 2804 Ludovicns
1029 2744 1063 2804 et
1077 2734 1214 2804 domina
1231 2734 1314 2803 Bian-

262 2850 358 2918 cbia4
385 2851 423 2917 dc
450 2851 585 2920 Castittc
607 2851 677 2941 ejus
705 2861 808 2919 mater
832 2872 905 2941 quae
928 2850 1061 2938 regebat
1086 2870 1237 2938 regnum,
1256 2846 1314 2936 ipso

262 2989 337 3054 rege
360 2967 492 3036 absente
520 2976 551 3035 et
574 2954 743 3057 praeliante
767 2978 880 3035 contra
904 2965 1052 3064 infideles
1079 2962 1311 3033 transmarinos.

260 3081 429 3171 ddjutorio
442 3081 536 3172 cujus
549 3082 698 3167 Blanciae,
714 3082 776 3151 suit
787 3080 1042 3150 determinatum
1056 3091 1088 3150 et
1105 3068 1312 3171 adjudicatum

260 3198 347 3288 ipsos
363 3198 519 3267 maiorem
535 3209 567 3267 et
590 3199 739 3268 scabinos
756 3220 821 3267 non
839 3198 960 3267 babere
983 3197 1178 3267 banleucam
1197 3196 1231 3265 in
1244 3184 1312 3264 vibis

290 3458 324 3521 (t)
339 3457 374 3509 Co
389 3458 481 3509 chidra
495 3458 525 3509 tt
541 3462 625 3510 remet
638 3457 763 3510 d'uccord
776 3457 817 3509 les
832 3457 902 3509 deux
917 3455 1021 3523 copies.

290 3557 324 3619 (t)
338 3555 466 3608 IIntoodr'o
480 3558 548 3609 dans
562 3557 588 3608 la
600 3558 676 3622 copie
691 3556 724 3607 de
741 3556 808 3606 [tom
822 3556 944 3633 Grauios.

291 3654 325 3716 (3)
340 3654 377 3705 La
389 3655 465 3720 copie
483 3655 517 3705 de
537 3654 603 3705 Dam
622 3654 737 3705 Gronier
755 3653 795 3704 dit
807 3654 928 3719 juratos.
948 3653 989 3704 Ne
1008 3650 1211 3719 reproduitelle
1227 3656 1313 3716 pastu

261 3748 329 3795 texte
344 3744 405 3810 plns
419 3745 536 3796 ancien?
554 3745 596 3797 Un
612 3749 698 3809 temps
716 3743 774 3794 vint
788 3743 824 3794 ob
844 3756 879 3794 on
894 3740 1062 3807 compreaait
1077 3740 1170 3793 mieux
1185 3733 1313 3804 narrauit

261 3848 314 3898 que
325 3834 396 3899 jure.

293 3934 326 3996 (t)
342 3934 391 3985 Les
406 3934 496 3999 copies
510 3934 631 3985 donnent
645 3931 732 3984 tantot
747 3928 888 3992 Btnnrbia,
904 3929 992 3982 tantdt
1006 3928 1132 3982 bmncr'u.
