2708 4854
693 405 874 477 ‘'96’‘

247 568 366 653 media,
385 577 418 636 et
438 554 561 637 corruit
582 567 776 658 dislapidata
795 588 894 659 snper
918 578 1038 639 terram
1059 589 1138 637 cnm
1158 568 1232 638 aliis
1252 569 1319 639 suis

246 683 431 753 structuris.
461 683 505 751 Ile
531 684 765 754 restauratione
793 684 888 774 cujus
911 705 977 754 non
999 694 1071 755 erat
1094 700 1172 775 spes
1194 682 1319 775 absque

247 798 392 881 fidelium
415 799 630 868 eleemosinis.
648 800 688 868 Et
707 800 842 869 consilio
858 800 970 869 habito
988 823 1006 868 a
1022 798 1174 870 (luidone
1201 800 1318 870 comite

247 913 371 984 Pontisi
385 925 417 984 et
428 915 501 983 aliis
512 915 636 1006 probis,
651 916 841 986 conclusum
859 927 908 985 est
920 916 1095 1007 deportare
1108 936 1231 1009 corpus
1245 937 1319 1006 pre·

247 1032 367 1102 tiosnm
387 1033 489 1101 nostri
512 1032 654 1123 patroni,
684 1033 849 1122 postulare
872 1044 906 1102 et
928 1032 1097 1124 requirere
1119 1032 1272 1102 avicinis
1288 1044 1319 1102 ot

246 1146 329 1215 rillis
352 1145 663 1235 circumjacentibus
687 1146 902 1215 eleemosinas
928 1168 1004 1215 cum
1034 1146 1116 1215 lletu
1149 1156 1185 1215 et
1214 1146 1318 1215 nimio

246 1263 356 1333 dolore
369 1265 392 1348 ¹,
411 1263 485 1332 licet
505 1284 579 1332 cum
600 1263 725 1332 honore
746 1274 779 1333 et
795 1264 985 1333 reverentia.
1009 1264 1050 1331 Et
1072 1263 1108 1331 in
1123 1262 1198 1353 ejus
1217 1263 1316 1349 exitu,

245 1391 278 1449 et
292 1381 370 1449 dum
391 1401 509 1471 corpus
527 1379 588 1448 luit
607 1362 744 1466 motum,
762 1380 875 1472 scripti
893 1390 971 1450 sunt
986 1401 1099 1451 versus
1118 1389 1317 1470 sequentes:

244 1652 248 1657 ·
351 1625 492 1679 Maximus
503 1623 552 1678 ille
567 1623 661 1691 dolor,
679 1622 893 1678 monachorum
908 1621 1057 1694 possimus
1071 1620 1207 1678 horror'2
1237 1682 1241 1687 ,

353 1723 480 1778 l'ocibns
494 1722 617 1777 excessit
631 1737 686 1776 rox
699 1721 867 1791 laetitiaeque
879 1719 1009 1776 recessit.

352 1823 511 1878 Constituit
525 1827 641 1891 cantus,
658 1837 725 1876 mox
739 1820 826 1892 caepit
841 1835 961 1891 surgere
975 1819 1133 1892 planctus:

351 1925 520 1978 Comuntur
532 1922 671 1977 monachi
687 1925 889 1977 memorantur
905 1923 1038 1992 temporo
1051 1919 1123 1976 doti.

288 2146 413 2217 Accidit
438 2158 543 2215 tamon
567 2144 807 2236 quodquidam
833 2144 1032 2215 venerabiles
1046 2144 1183 2237 ‚antiqui
1207 2158 1319 2238 patres

244 2262 386 2352 religiosi
407 2273 436 2331 el
455 2262 509 2329 alii
530 2261 643 2330 incolae
666 2260 846 2330 habitantes
865 2260 965 2350 hujus
987 2261 1050 2331 loci
1071 2261 1159 2331 intra
1177 2283 1213 2331 se
1227 2263 1320 2332 dixe-

245 2391 348 2449 runt:
379 2402 395 2446 e
420 2377 624 2469 vituperium
642 2388 673 2446 et
695 2388 790 2467 turpe
813 2389 861 2446 est
880 2388 945 2445 tam
973 2398 1105 2447 sacrum
1133 2398 1259 2469 corpus
1285 2380 1319 2448 in

245 2524 259 2559 »
288 2517 353 2584 qno
377 2494 462 2584 jacet
488 2493 593 2562 omnis
620 2514 693 2583 spes
717 2503 828 2561 nostra
852 2493 940 2561 exire
966 2513 1064 2562 suum
1090 2494 1214 2563 locum.
1239 2519 1254 2561 s
1279 2496 1322 2564 Et

244 2612 454 2695 unanimiter,
468 2632 542 2678 cnm
562 2630 679 2698 magna
699 2609 880 2694 devotione,
899 2609 1078 2682 honorifice
1099 2610 1188 2701 apud
1206 2612 1319 2681 Abba·

243 2729 393 2798 tisrillam
409 2739 634 2819 perrexerunt,
651 2740 683 2797 et
698 2728 739 2796 ab
757 2727 870 2796 eadem
884 2726 958 2795 villa
972 2726 1168 2817 praedictum
1185 2749 1319 2827 sacrum

243 2866 361 2936 corbus
386 2844 566 2914 retulerunt
597 2844 762 2913 inlocum
787 2864 897 2937 suum,
923 2841 1009 2912 clero
1034 2853 1066 2912 et
1085 2842 1178 2913 omni
1193 2845 1319 2936 populo

243 2959 381 3028 venienti
400 2959 433 3027 in
453 2958 593 3043 obviam,
610 2958 722 3027 laudes
743 2957 783 3026 de
799 2955 933 3026 domino
947 2956 1024 3025 lesu
1046 2957 1267 3044 decantando,
1286 2969 1319 3028 et

243 3073 376 3162 quidam
404 3094 511 3142 ramos
536 3073 575 3141 do
605 3072 777 3141 arboribus
802 3083 835 3140 et
859 3071 977 3141 herbas
1000 3072 1238 3159 abscindendo,
1260 3074 1317 3143 alii

241 3201 343 3259 restes
364 3189 397 3257 in
415 3188 542 3257 obvium
555 3188 740 3273 sternendo,
762 3197 794 3256 el
810 3187 864 3256 alii
882 3189 1058 3258 clamantes
1073 3210 1312 3279 vocemagna:

271 3413 306 3476 (l)
321 3412 358 3463 La
372 3411 447 3479 copie
462 3412 495 3464 de
511 3410 578 3463 Dom
593 3411 707 3463 Grenier
721 3411 810 3463 donne
826 3410 909 3464 ntullo
923 3409 1024 3464 dolore.

271 3503 305 3567 (t)
319 3504 369 3554 Ces
391 3516 453 3555 vers
479 3507 540 3554 sont
560 3501 599 3554 los
619 3501 750 3569 premiors
774 3501 854 3552 d'uno
874 3501 950 3568 piene
968 3500 1112 3567 beaucoup
1131 3500 1194 3568 plus
1213 3500 1308 3566 langue

242 3590 404 3657 (vingt-cinq
418 3591 489 3651 vers)
504 3589 651 3641 conservio
665 3603 713 3654 par
726 3589 752 3640 lo
767 3585 921 3641 Chronicoa
939 3585 1108 3651 Gratulatus,
1126 3615 1159 3626 -
1170 3584 1305 3657 Spiritum,

239 3695 265 3747 p.
286 3680 340 3731 354.
360 3708 391 3718 -
412 3679 451 3731 be
470 3693 516 3732 ces
531 3684 626 3745 quatre
646 3692 716 3737 vers,
731 3679 801 3728 deux
821 3692 855 3730 ne
874 3681 936 3730 sont
949 3690 998 3744 pas
1017 3678 1172 3730 conformes
1189 3658 1304 3729 au'texte

241 3771 275 3823 de
293 3770 444 3835 d'Achery3
461 3783 496 3821 on
511 3768 543 3819 lic
555 3768 624 3819 dans
638 3767 664 3819 lo
677 3766 828 3835 Spiciltqe:

380 3914 382 3918 ·
400 3895 517 3953 Conticuit
527 3901 618 3947 eantur,
630 3907 685 3938 mox
696 3894 766 3951 coepit
776 3906 873 3951 surgere
882 3894 991 3951 planetus
1002 3907 1008 3938 r

400 3977 542 4020 Sternuntur
550 3974 666 4028 monachi,
678 3979 838 4019 memorantur
846 3980 954 4031 tempora
963 3974 1029 4020 Daci.
1137 3994 1152 4003 ··
