2708 4854
690 475 735 486 -
762 434 891 505 ¹58-

258 606 391 665 cantens
415 596 447 664 in
471 617 609 687 persona
633 608 664 667 ct
686 598 806 667 docens
826 598 994 668 musicalia
1014 598 1054 667 ad
1074 598 1278 689 praeconium
1296 610 1326 666 et

257 713 386 781 laridum
400 713 598 781 intemeratae
611 713 756 801 virginis,
766 715 912 805 quetidie
924 714 1101 783 dictamina
1114 734 1322 806 componens,

257 844 287 900 et
302 830 566 920 aliesdisripules
579 853 655 900 sues
665 853 779 920 regens
793 845 825 901 et
839 833 1001 921 dirigcus;
1016 834 1061 901 ita
1073 834 1163 924 quod
1177 835 1219 903 de
1230 855 1321 918 neve,

256 948 1319 1039 propriascientia,ordinarittntrsicaliapresaremAcceleriesier,

257 1065 375 1134 mittit¹
393 1065 434 1133 ad
452 1064 613 1151 l'irgiuem
629 1088 772 1156 prosam,
792 1076 823 1135 et
838 1066 975 1134 aliarum
996 1086 1078 1156 quas
1098 1077 1187 1135 nunc
1206 1076 1322 1135 cauum

257 1182 398 1271 religiosi
423 1182 456 1249 in
477 1181 563 1249 dicta
585 1182 706 1272 capella
730 1183 810 1252 hera
835 1188 989 1252 consueta
1012 1192 1044 1251 et
1068 1194 1144 1251 ante
1168 1173 1318 1251 Primam.

257 1298 361 1377 Quam
381 1297 522 1388 plurima
550 1298 612 1365 alia
635 1298 720 1366 bena
743 1298 821 1366 huic
842 1298 985 1369 ecclesiae
1010 1308 1042 1367 et
1062 1298 1236 1369 murentui
1250 1318 1320 1389 pre·

257 1414 391 1481 curarit.
417 1412 685 1501 Octuagcnarius,
713 1414 916 1482 venerandus
945 1424 1110 1483 senectute
1133 1426 1166 1483 et
1193 1414 1317 1498 canitie,

257 1529 443 1617 migrante
463 1530 604 1612 satrrul0;
630 1540 661 1597 ct
681 1529 799 1619 eujus‘2
821 1529 924 1617 gratia
943 1529 976 1596 in
995 1551 1076 1620 pace
1092 1523 1276 1620 requiescet
1291 1540 1319 1598 et

257 1645 340 1713 rirat
359 1666 433 1712 cum
448 1645 586 1715 Christe.
1109 1662 1111 1666 ’

301 1786 375 1854 Pest
394 1785 463 1876 ejus
484 1786 608 1855 ebitum
630 1798 661 1855 ct
678 1787 846 1857 decessum
872 1787 1070 1875 immediate,
1098 1789 1255 1859 honestus
1274 1788 1317 1857 vir

255 1903 406 1971 deminus
434 1903 547 1970 Petrus
575 1903 603 1970 le
632 1904 771 1988 Prestre,
799 1903 957 1973 eriundus
984 1905 1025 1973 de
1050 1905 1195 2000 quedam
1222 1925 1315 1996 parre

255 2019 374 2109 oppido
388 2018 553 2087 nominate
567 2019 595 2086 le
609 2020 777 2109 l⁷ecqecrie
794 2022 822 2087 le
833 2021 919 2087 Beue
932 2021 1220 2111 superduuiacum
1230 2021 1316 2110 juxta

257 2136 374 2219 l'ertcl‚
389 2135 557 2226 presbyter
574 2147 605 2203 et
619 2135 788 2224 religiosus
801 2135 898 2225 liujus
913 2136 996 2205 sacri
1010 2137 1166 2222 eoenebii,
1182 2159 1222 2206 ex
1236 2137 1316 2208 dene

256 2263 286 2319 ct
302 2250 470 2319 cellatione
484 2250 561 2319 dicti
578 2251 702 2320 demini
718 2252 1033 2340 llugenisCeillerel
1045 2253 1184 2339 abbatis,
1203 2253 1317 2323 cunsti-

257 2379 343 2435 tutus
371 2378 419 2435 est
443 2362 635 2457 praepositus
659 2367 757 2455 hujus
784 2367 938 2437 ecclesia.
962 2369 1033 2438 Neu
1051 2380 1126 2460 pest
1145 2390 1221 2438 vere
1242 2370 1318 2439 mul·
1344 2392 1347 2398 ·

256 2495 324 2550 tum
350 2483 516 2572 temperis,
539 2483 625 2572 qued
648 2504 785 2571 magnus
803 2493 834 2551 et
853 2482 1051 2571 scientificus
1073 2486 1317 2575 paterfamilias

157 2668 161 2675 ,
255 2600 434 2683 ridebatur,
453 2599 610 2684 musicus,
628 2599 859 2687 grammaticus
879 2611 911 2668 et
924 2600 1109 2687 decretista‚
1129 2601 1180 2670 vir
1196 2624 1317 2692 magnac

254 2715 455 2805 quantitatis,
467 2727 578 2803 gratus
599 2728 630 2782 ct
646 2718 759 2783 ratus³
777 2716 817 2783 ab
832 2716 995 2801 omnibus,
1010 2716 1087 2786 licet
1101 2730 1319 2811 competenter

250 2831 390 2921 juvenis,
410 2852 546 2918 magnus
567 2830 744 2898 aedificator
765 2842 796 2899 et
818 2831 960 2921 eptimus
981 2842 1088 2901 rector
1109 2834 1151 2902 ab
1170 2834 1319 2903 omnibus

254 2946 487 3036 appellabatur.
515 2947 592 3014 lmle
622 2969 659 3014 cx
682 2946 744 3014 illis
768 2958 865 3036 atque
885 2946 956 3017 aliis
984 2947 1025 3016 de
1050 2950 1159 3019 causis
1182 2950 1213 3019 ei
1234 2950 1320 3019 dedit

256 3061 399 3148 regimen
411 3059 508 3150 lmjes
522 3062 676 3130 ecclesiae.
691 3061 771 3129 Cum
784 3063 907 3131 honere
919 3073 1060 3131 eleuare
1072 3084 1148 3133 cum
1161 3065 1318 3135 ordinarit

254 3197 350 3244 sittim
367 3176 539 3265 specialem
563 3188 594 3244 et
617 3177 800 3264 generalem
819 3176 851 3244 in
873 3177 1104 3267 temporalibus
1122 3190 1156 3249 et
1172 3180 1320 3271 spiritua·

255 3292 339 3361 libus
363 3292 518 3360 ricarium
535 3293 574 3360 ad
597 3303 723 3382 tempus
746 3292 995 3362 determinatum
1011 3315 1021 3378 ;
1041 3293 1153 3363 sibiet
1171 3315 1319 3387 petresse

286 3544 320 3607 (l)
334 3540 406 3595 llt'tis
421 3543 457 3594 ed
478 3542 613 3609 l'treirtem
626 3556 738 3609 prosam
752 3542 822 3595 deus
836 3543 863 3595 le
877 3542 953 3609 copie
967 3543 1001 3595 de
1010 3542 1079 3595 Dum
1093 3544 1224 3608 Granium
1240 3545 1321 3599 mittit

252 3633 288 3684 ed
310 3633 444 3698 Vireinem
463 3647 574 3699 preseee
598 3635 666 3685 dans
689 3633 716 3684 la
737 3634 814 3699 copie
834 3633 868 3685 de
891 3632 992 3685 Buluze
1014 3638 1042 3684 et
1063 3633 1133 3686 dens
1153 3632 1272 3687 l'extruit
1287 3634 1320 3687 de

252 3722 374 3787 Bemmy.
390 3722 421 3773 Je
437 3737 470 3773 ne
485 3722 645 3788 m'crplique
660 3738 708 3789 pas
722 3736 767 3773 ces
781 3727 877 3788 quatre
892 3726 971 3773 mets.

282 3813 318 3875 (¹2)
332 3813 370 3862 Le
391 3812 467 3878 copie
486 3811 518 3863 de
539 3811 607 3862 Dem
622 3811 736 3862 Grenicr
757 3815 784 3862 ct
802 3810 918 3862 l'extruit
931 3810 965 3861 de
982 3808 1096 3877 Bemmy
1110 3811 1234 3865 denuent
1245 3813 1321 3881 eujus

252 3902 351 3954 eetme.
748 3954 753 3961 .

283 3992 318 4056 (3)
331 3990 415 4043 Nelea
430 3991 499 4042 dans
514 3990 628 4042 l'extrait
640 3990 673 4041 de
689 3990 811 4057 Bemmy.
