2708 4854
666 388 867 459 -idd-

236 551 380 620 Dominae
394 552 549 622 canonico
568 564 600 622 ct
616 552 735 622 domno
755 552 788 621 in
806 553 1019 645 parlamento,
1033 574 1101 625 non
1119 554 1192 625 sinc
1206 555 1293 625 laude

235 666 414 735 indccretis
426 666 1116 757 baccalaureusparisiensisfelicitererasit.
1127 668 1292 755 Praeterea,

232 783 487 875 praenominatus
508 784 646 852 domnus
666 785 792 870 Petrus,
814 785 933 855 auxilio
951 785 1197 876 praedictorum,
1212 785 1294 854 ride·

232 903 306 971 licet
317 901 441 970 domini
457 901 549 969 ducis
567 900 719 991 Philippi,
741 901 863 969 domini
883 902 923 971 de
935 901 1090 986 duniaco,
1106 914 1139 971 et
1154 901 1294 990 magistri

232 1017 368 1086 ioannis
389 1016 460 1106 ejus
479 1017 588 1085 fratris
610 1016 833 1106 requisitione,
855 1038 940 1086 anno
957 1015 1056 1102 ttae,
1075 1016 1110 1084 in
1126 1017 1209 1086 sesto
1224 1016 1294 1086 Orn-

236 1133 326 1200 nium
346 1132 549 1217 Sanctorum,
569 1132 639 1223 ipso
663 1132 823 1201 residente
847 1131 978 1201 Parisiis
998 1145 1031 1201 et
1046 1132 1160 1201 domni
1177 1132 1293 1202 Nicolai

229 1250 604 1338 auocaultujusdiuae
620 1249 762 1318 ccclesiae
774 1249 1100 1340 praepositi‚mortem
1114 1249 1291 1339 ignorante,

229 1368 423 1437 constitutus
438 1378 469 1434 ct
487 1367 656 1436 ordinatus
672 1377 720 1436 cst
736 1365 835 1455 hujus
854 1366 914 1436 loci
932 1368 1139 1458 propositus.

747 1648 769 1701 il

231 1836 341 1892 Nouvel
356 1836 436 1908 dlogc
450 1837 485 1893 de
496 1836 610 1894 Nicolos
624 1836 772 1907 Bourdon,
787 1836 908 1893 chautre
927 1836 1001 1891 dans
1021 1852 1053 1891 sn
1068 1835 1209 1910 ieunesse
1224 1832 1292 1892 dans

262 1934 305 1990 les
324 1935 467 2008 chapellcs
486 1936 537 1990 des
556 1936 672 2008 princes
692 1940 720 1991 et
739 1936 813 1990 daus
834 1934 905 1991 celle
919 1934 959 1991 dn
972 1951 1055 2008 papo.
1069 1966 1105 1977 -
1122 1937 1232 1992 Retour
1245 1951 1293 1991 sur

260 2033 457 2105 l'acquisition
477 2035 511 2089 dc
531 2034 657 2106 l‘olchoy
671 2035 688 2089 a
702 2035 810 2107 Norers
825 2051 864 2091 ou
884 2051 939 2089 aux
958 2035 1108 2093 environs.
1130 2066 1163 2075 -
1181 2033 1291 2091 Nicolus

265 2133 400 2187 ttourdon
427 2134 565 2205 enseignc
589 2132 617 2187 la
640 2132 777 2204 musique
801 2132 874 2188 dans
894 2131 1033 2205 l'abhoye.
1049 2164 1084 2174 —
1104 2135 1142 2190 Sa
1157 2137 1245 2190 mort.
1258 2163 1291 2173 —

265 2230 351 2287 Sclon
367 2248 420 2287 son
437 2232 523 2301 desir,
539 2231 643 2288 l'oslicc
658 2232 693 2287 dc
709 2249 755 2287 scs
768 2230 936 2288 iuneraiiles
949 2236 994 2288 cst
1008 2231 1119 2289 celebre
1134 2248 1185 2305 par
1200 2232 1291 2288 Picrre

259 2330 286 2386 lc
302 2333 408 2386 Prdtrc.

268 2534 329 2614 Qui
356 2534 462 2603 dictus
487 2535 651 2620 Boterdou,
677 2534 710 2602 in
727 2533 1017 2604 Bassa-Normania
1037 2534 1125 2604 circa
1150 2544 1288 2606 montem

226 2650 333 2719 Sancti
349 2651 513 2719 Michaelis
531 2663 638 2735 natus,
658 2651 718 2719 suit
733 2651 839 2720 bonus
854 2652 1008 2720 honestus
1025 2661 1057 2720 et
1073 2651 1225 2720 notabilis
1244 2672 1290 2719 re

227 2767 361 2854 ligiosus
385 2767 509 2836 ordinis
528 2767 635 2836 Sancti
657 2767 833 2852 Benedicti,
854 2779 886 2837 et
905 2787 973 2858 pue
989 2767 1115 2837 caeteris
1134 2768 1290 2838 exceliens

224 2881 379 2950 musicus.
395 2882 455 2962 Qui
470 2893 613 2973 tempore
629 2903 696 2950 suae
710 2882 900 2972 juventutis,
911 2882 945 2949 in
962 2881 1093 2973 capellis
1104 2881 1289 2972 principum

226 3009 257 3067 et
277 2999 418 3088 quodam
436 3010 581 3089 tempure
598 2999 630 3067 in
646 3000 768 3090 capella
788 2998 895 3090 papali
911 3009 1025 3068 cantor
1040 3000 1291 3069 conversaritet

228 3114 1290 3206 concinuit.lpsoitaquehujusdictaeccclesiaepraeposito,multa

222 3231 307 3299 hona
326 3243 423 3320 atquc
438 3231 595 3300 beneficia
610 3231 685 3300 huic
699 3232 770 3301 loco
785 3231 894 3300 Sancti
910 3231 1053 3300 Richarii
1071 3232 1203 3322 elargiri
1221 3244 1289 3302 stu-

222 3348 292 3416 duit
307 3371 315 3433 ;
337 3370 412 3416 nam
437 3348 531 3416 icuda
552 3349 589 3416 dc
605 3349 745 3437 Poiedop
760 3347 793 3415 in
816 3347 936 3439 oppido
950 3348 1064 3417 Noiers
1082 3349 1130 3418 rel
1149 3371 1188 3420 eo
1204 3349 1289 3418 circa

221 3464 293 3549 sita,
314 3486 387 3553 quae
407 3465 558 3533 dominus
580 3464 755 3533 Robinctus
780 3466 818 3532 dc
834 3465 968 3553 Lisques
984 3465 1077 3535 miles
1098 3466 1231 3537 domino
1250 3467 1289 3535 de

224 3583 382 3670 Tituuuop
394 3581 593 3665 vendiderat,
606 3581 775 3671 acquisivit
788 3591 819 3650 et
831 3590 903 3650 octo
920 3592 1050 3651 centum
1067 3582 1160 3653 libris
1171 3583 1288 3674 parisis

220 3697 310 3781 emit,
333 3718 405 3786 quac
422 3694 585 3785 sciaginta
601 3697 692 3764 libris
709 3718 747 3765 ex
762 3696 943 3766 redditibus
959 3697 1163 3769 mortificatis
1181 3700 1288 3770 ualere

219 3813 452 3882 existimomus.
464 3813 598 3897 Deinde,
609 3834 667 3881 sua
680 3813 912 3899 exhortatione,
924 3824 1129 3904 quatuoraut
1140 3817 1286 3907 quinque

215 3929 349 4019 juvenes
366 3951 447 4020 quos
467 3929 500 3997 in
518 3929 651 3998 scientia
670 3929 809 3999 musices
829 3929 1036 4016 instruxerat,
1054 3932 1231 4002 monachos
1248 3952 1287 4003 ac
